LEADER 00529nam a2200181K  4500
001 004000001-X
005 20020606095253.2
008 940304s1963    ru            000 0 tut d
035 0 $aocm81203934
040   $aHLS$cHLS
100 1 $aAtabaev, Magomed Sulanmuradovich.
245 10$aV poiskakh;$bstikhi.$c[Predisl. Kamal Abukov]
260   $aMakhachkala,$bDagestanskoe knizhnoe izd-vo,$c1963.
300   $a102 p.$bport.
500   $aTitle page and text in Kumyk.
500   $aRussian title from colophon.
988   $a20020608
906   $0MH

