LEADER 00482nam a2200157K  4500
001 004000002-8
005 20020606095253.2
008 940304n        xx      r     000 0 eng d
035 0 $aocm84861142
040   $aHHG$cHHG
100 1 $aAlmon, Albert.
245 12$aA plan of the King's bastion, barracks, chapel, and officers' apartments from the National library, Paris.$bDrawn 1924.
300   $ap.$c8 x 7 inches.
691  9$aLouisburg, Cape Breton Island.$5hou
988   $a20020608
906   $0MH

