LEADER 00536nam a2200181K  4500
001 004000003-6
005 20020606095253.2
008 940304s1970    ru            000 0 und d
035 0 $aocm80558946
040   $aHLS$cHLS
100 1 $aAslan, Stepan.
245 10$aShivorot-navyvorot;$biumoristicheskie rasskazy.$c[By] Aslan Stepan Stepanovich.
260   $aCheboksary,$bChuvash-knigoizdat$c[1970]
300   $a124 p.$billus.
500   $aTitle page and text in Chuzash.
500   $aRussian title from colophon.
988   $a20020608
906   $0MH

