LEADER 01249nam a2200253 a 4500
001 004000004-4
005 20071211174707.0
008 940304s1841    ag            000 0 spa d
035 0 $aocn786260678
035 0 $aocn236072163
040   $aHLS$cHLS$dHMM
043   $as-ag---
100 1 $aAtienzo, Vicente.
245 10$aDiscurso patriótico federal en accion de gracias al Todo Poderoso por los triunfos de las armas confederadas de la República Argentina :$bespecialmente por el del Rodeo del Medio de Meneoza el 24 de setiembre /$cpronunciado en la Iglesia de Nuestra Sra. de la Merced por el Sor. provisor y vicario gral. del obispado de San Juan de Cuyo, D. Vicente Atienzo en 17 de octubre de 1841.
260   $aSan Juan [Argentina] :$bImpr. de Gobierno,$c1841.
300   $a18 p. ;$c20 cm.
500   $a"Mendoza" misspelled "Meneoza" in title.
651  0$aArgentina$xHistory$y1817-1860.
650  0$aBattles$zArgentina$zRodeo del Medio.
655  7$aSermons$zArgentina$y19th century.$2rbgenr
830  0$aLatin American pamphlet digital project at Harvard University.$5net
830  0$aLatin American pamphlet digital project at Harvard University ;$pPreservation microfilm collection ;$v0009.$5mmf
988   $a20020608
906   $0MH

