LEADER 00516nam a2200193K  4500
001 004000005-2
005 20020606095253.2
008 940304s1970    ru            000 0 tut d
035 0 $aocm81062942
040   $aHLS$cHLS
100 1 $aAtabaev, Magomed Sulanmuradovich.
245 10$aZhuravli.
260   $aMakhachkala,$bDagestanskoe knizhnoe izd-vo,$c1970.
300   $a75 p.$billus.
500   $aTitle page and text in Kumyk.
500   $aRussian title from colophon.
500   $aPoems.
988   $a20020608
906   $0MH

