LEADER 00492nam a2200157K  4500
001 004000006-0
005 20020606095253.2
008 940304s1913    fr            000 0 fre d
035 0 $aocm64393707
040   $aHLS$cHLS
110 2 $aAssociation des Facultés des Lettres.$bGroupe parisien.
245 10$aProjet de titularisation personnelle présente au Conseil de la Faculté des lettres de Paris.
260   $aRennes,$bImp. nouvelle,$c1913.
300   $app. 24.$c21 cm.
988   $a20020608
906   $0MH

