LEADER 00449nam a2200145K  4500
001 004000007-9
005 20020606095253.2
008 940304s1972    xx            000 0 eng d
035 0 $aocm77001783
040   $aHLS$cHLS
100 1 $aWhiston, William Burt.
245 10$aProducts, prices and profits:$bsome aspects of the profit maximizing firm under monopolistic competition.
502   $aThesis (Ph. D.)--Harvard University, 1972.
988   $a20020608
906   $0MH

