LEADER 00551nam a2200181K  4500
001 004000008-7
005 20020606095253.2
008 940304s1912    it            000 0 ita d
035 0 $aocm82236902
040   $aHLS$cHLS
110 2 $aAssociazione nazionale fra i professori universitari.
245 10$aAtti del congresso universitario Roma 11-13 aprile 1912.
260   $aPavia,$btip. Cooperativa,$c1912.
300   $app. 40.$cl.8vo
500   $aCover serves as title-page.
690  9$aUniversities and Colleges$zItaly.$5wid
988   $a20020608
906   $0MH

