LEADER 00408nam a2200169K  4500
001 004000009-5
005 20020606095253.2
008 940304s1959    ai            000 0 arm d
035 0 $aocm84572719
040   $aHLS$cHLS
100 1 $aHatityan, Gevorg.
245 10$aṚuben Sevak /$cG. Hatityan.
260   $aErevan :$bHaypethrat,$c1959.
300   $a85 p.
600 10$aSevak, Ṛuben.
988   $a20020608
906   $0MH

