LEADER 00731nam a2200169K  4500
001 004000010-9
005 20020606095253.2
008 940304s1820    enk           000 0 eng d
035 0 $aocm77581298
040   $aHHG$cHHG
100 1 $aAllingham, John Till,$dactive 1799-1810.
245 10$aFortune's frolic.$bA farce, in two acts.$cBy John Till Allingham, esq. Correctly given, as performed at the Theatres Royal. With remarks.
260   $aLondon:$bPrinted by and for D.S. Maurice, Fenchurch street;$bsold by T. Hughes, 35, Ludgate street;$bJ. Bysh, 52, Paternoster row;$bJ. Cumming, Dublin;$bJ. Sutherland, Edinburgh; &c.$c[ca.1820]
300   $a32 p. incl. front.$c13 cm.
440  5$a[The English theatre]
988   $a20020608
906   $0MH

