LEADER 00464nam a2200157K  4500
001 004000011-7
005 20020606095253.2
008 940304n        xx      r     000 0 eng d
035 0 $aocm81884354
040   $aHHG$cHHG
100 1 $aAlmon, Albert.
245 10$aPlan of the King's Hospital, Louisburg, 1925 from a plan in the National library, Paris.$bDrawn 1925.
300   $ap.$c8 x 8 inches.
691  9$aLouisburg, Cape Breton Island.$5hou
988   $a20020608
906   $0MH

