LEADER 00641nam a2200205K  4500
001 004000012-5
005 20020606095253.2
008 940304s1972    ru            000 0 und d
035 0 $aocm84574802
040   $aHLS$cHLS
100 1 $aAslan, Stepan.
245 10$aZemlia gorit;$bpovestʹ.$c[By] Aslan Stepan Stepanovich & Grigorʹev Akil Grigorʹevich.
260   $aCheboksary,$bChuvashskoe kn.izd-vo,$c1972.
300   $a159 p.$billus.
490 0 $aBiblioteka voennogo patriotizma
500   $aTitle page and text in Chuvash.
500   $aRussian title from verso of title page.
700 1 $aGrigorʹev, Akil.
988   $a20020608
906   $0MH

