LEADER 00429nam a2200157K  4500
001 004000013-3
005 20020606095253.2
008 940304s1924    xx            000 0 eng d
035 0 $aocm77001784
040   $aHLS$cHLS
100 1 $aWhitaker, Arthur Preston,$d1895-
245 14$aThe expansion of the old southwest, 1783-1791.
500   $aTypewritten.
502   $aThesis (Ph. D.)--Harvard University, 1924.
988   $a20020608
906   $0MH

