LEADER 00474nam a2200157K  4500
001 004000014-1
005 20020606095253.2
008 940304m19021903xx            000 0 fre d
035 0 $aocm82162268
040   $aHLS$cHLS
110 2 $aAssociation Générale des Agents des Postes Télégraphes et Téléphones de France et des Colonies.
245 10$aAssemblée générale de 1902-03, compte rendu.
260   $aArbois, etc.,$c1902-03.
300   $a2 vol.
988   $a20020608
906   $0MH

