LEADER 00395nam a2200157K  4500
001 004000015-X
005 20020606095253.2
008 940304q19201929enk           000 0 eng d
035 0 $aocm48156176
040   $aHLS$cHLS
100 1 $aAtkey, Bertram,$d1880-1952.
245 10$aSmiler Bunn: man-hunter.
260   $aLondon,$bG. Newnes, ltd.$c[192- ]
300   $a251 p.$c16 cm.
988   $a20020608
906   $0MH

