LEADER 00374nam a2200145K  4500
001 004000016-8
005 20020606095253.2
008 940304s1901    fr            000 0 fre d
035 0 $aocm43663137
040   $aHLS$cHLS
110 2 $aAssociation générale des étudiants de Paris.
245 14$aLes fêtes universitaires de 1900.
260   $aParis,$c1901.
988   $a20020608
906   $0MH

