LEADER 00412nam a2200157K  4500
001 004000017-6
005 20020606095253.2
008 940304q19201929enk           000 0 eng d
035 0 $aocm80143389
040   $aHLS$cHLS
100 1 $aAtkey, Bertram,$d1880-1952.
245 10$aWinnie O'Wynn and the wolves.
260   $aLondon,$bCassell and co., ltd., etc.$c[192- ]
300   $a252 p.$c18 cm.
988   $a20020608
906   $0MH

