LEADER 00647nam a2200193K  4500
001 004000018-4
005 20020606095253.2
008 940304s1910    it            000 0 ita d
035 0 $aocm80037025
040   $aHLS$cHLS
110 2 $aAssociazione nazionale italiana movimento forestieri.
245 10$aSpoleto e dintorni.
260   $aSpoleto,$bTip. Panetto & Petrelli,$c1910.
300   $a106 p.$billus.
500   $aAt head of title: Associazione nazionale italiana per il movimento dei forestieri. Comitato di Spoleto.
500   $a[Cover-title: Guida di Spolito e dintorni.]
691  9$aSpoleto$xGuide-books.$5wid
988   $a20020608
906   $0MH

