LEADER 00397nam a2200145K  4500
001 004000019-2
005 20020606095253.2
008 940304s1922    xx            000 0 eng d
035 0 $aocm77001785
040   $aHLS$cHLS
100 1 $aWhitaker, Edith Susan.
245 10$aRoot hairs and secondary thickening in the compositae.
502   $aThesis (Ph. D.)--Radcliffe College, 1922.
988   $a20020608
906   $0MH

