LEADER 00528nam a2200181K  4500
001 004000020-6
005 20020606095253.2
008 940304q18301839enk           000 0 eng d
035 0 $aocm07064487
040   $aHHG$cHHG
100 1 $aAllingham, John Till,$dactive 1799-1810.
245 10$aMrs. Wiggins;$ba farce in one act.
260   $aLondon,$bJ. Cumberland,$c[183-?]
300   $app. 24.$bfront.
500   $a[Performed at the Theatre Royal, Haymarket, 1826.]
500   $a[Cruikshank frontispiece.]
988   $a20020608
906   $0MH

