LEADER 00477nam a2200157K  4500
001 004000021-4
005 20020606095253.2
008 940304s1868    it            000 0 ita d
035 0 $aocm83422203
040   $aHLS$cHLS
110 2 $aAssociazione Nationale Italiana Per La Educazione Popolare, Turin.
245 10$aStatuto della Associazione nazionale italiana per la educazione popolare.
260   $a[Torino,$bV. Vercellino,$c1868].
500   $aPamphlet.
988   $a20020608
906   $0MH

