LEADER 00494nam a2200181Ka 4500
001 004000022-2
005 20020606095253.2
008 940304s1967    ai            000 0 armod
035 0 $aocm78723228
040   $aHLS$cHLS
100 1 $aAslanyan, Mkrtichʻ.
245 10$aAnhangist bnavorutʻyunner :$bvipakner /$cM. Aslanyan.
246 15$aBespokoĭnye kharaktery.
260   $aErevan,$bHayastan hratarakchʻutʻyun,$c1967]
300   $a689 p.
500   $aShort stories.
988   $a20020608
906   $0MH

