LEADER 00462nam a2200145Ki 4500
001 004000023-0
005 20020606095253.2
008 940304s1979    xx            000 0 eng d
035 0 $aocm77001786
040   $aHLS$cHLS
100 1 $aWhitaker, Mark Theis.
245 10$aValues, vision and foreign policy :$bHenry Kissinger's ideas, and "The year of Europe" /$cby Mark Theis Whitaker.
502   $aThesis (A.B., Honors)--Harvard University, 1979.
988   $a20020608
906   $0MH

