LEADER 00729nam a2200265I  4500
001 004000024-9
005 20020606095253.2
008 940304s1971    gw            000 0 ger  
010   $a   72881842 
015   $aGDB***
020   $a3546410947
035 0 $aocm35067872
040   $aDLC$cHLS
050 0 $aPK6449.G1$bA8
100 1 $aAtabay, Cyrus,$d1929-$eed.
245 14$aDie Worte der Ameisen;$bpersische Mystik in Versen und Prosa.
250   $a[1. Aufl.]
260   $a[Hamburg]$bClaassen$c[c1971]
300   $a99 p.$billus.$c21 cm.
490 0 $aClaassen Poetica
504   $aBibliography: p. 97-98.
650  0$aPersian literature$xTranslations into German.
650  0$aSufism.
988   $a20020608
906   $0DLC

