LEADER 01006nam a2200241I  4500
001 004000025-7
005 20020606095253.2
008 940304s1910    wau           000 0 eng  
010   $a   10035561 //r22
035 0 $aocm81398587
040   $aDLC$cHLS
050 0 $aSH156$b.A8
100 1 $aAtkins, Charles Grandison,$d1841-
245 10$aFoods for young salmonoid fishes.$bFrom Bulletin of the Bureau of fisheries, volume XXVIII, 1908. Proceedings of the Fourth International fishery congress, Washington, 1908.
260   $aWashington,$bGovt. print. off.,$c1910.
300   $a1 p. l., p. 839-851.$c28 cm.
490 1 $aU.S. Bureau of fisheries. Doc.$vno. 684
500   $aPaper presented by C.G. Atkins, and awarded prize of $150 in gold offered by F.M. Johnson for best demonstration of comparative value of different kinds of foods for rearing young salmonoids.
650  0$aFishes$xFood.
650  0$aSalmon.
830  0$aBureau of Fisheries document ;$vno. 684.
988   $a20020608
906   $0DLC

