LEADER 00491nam a2200169K  4500
001 004000026-5
005 20020606095253.2
008 940304q18001899enk           000 0 eng d
035 0 $aocm80481341
040   $aHHG$cHHG
100 1 $aAllingham, John Till,$dactive 1799-1810.
245 14$aThe weathercock;$ba farce, in two acts.
250   $a4th ed.
260   $aLondon,$bprinted by Dewick and Clarke, for Lackington, Allen, and co.,$c[18--].
300   $app. (4), 27.
988   $a20020608
906   $0MH

