LEADER 00615nam a2200181K  4500
001 004000027-3
005 20020606095253.2
008 940304s1763    enk           000 0 eng d
035 0 $aocn612436644
040   $aHHG$cHHG
100 1 $aAlmon, John,$d1737-1805.
245 12$aA letter to J. Kidgell.$bContaining a full answer to his narrative.
250   $aThe third edition.
260   $aLondon:$bPrinted for J. Williams, next the Mitre tavern, Fleetstreet.$cMDCCLXIII.
300   $a1 p. ℓ., 5-21 p.$c27 cm. (4to)
500   $aIn reply to Kidgell's attack on John Wilkes's Essay on woman.
988   $a20020608
906   $0MH

