LEADER 00517nam a2200181K  4500
001 004000028-1
005 20020606095253.2
008 940304s1962    xx            000 0 arm d
035 0 $aocm78550046
040   $aHLS$cHLS
100 1 $aAslanyan, Mkrtichʻ.
245 10$aErb sksvum ē dznhalě :$bpatmvatskʻner /$cM. Aslanyan.
246 15$aKogda nachinaetsi︠a︡ ottepelʹ.
260   $aErevan :$bHayastani petakan hratarakchʻutʻyun,$c1962.
300   $a195 p.
500   $aShort stories.
988   $a20020608
906   $0MH

