LEADER 00635nam a2200181K  4500
001 004000029-X
005 20150324142633.0
008 940304s1930    fr            000 0 fre d
035 0 $aocm79910862
040   $aHLS$cHLS
100 1 $aJèze, Gaston,$d1869-1953.
245 10$aQuatre conférences sur la Roumanie /$cfaites par Gaston Jèze [et al] Avec une préf. de [M.]N. Titulesco.
260   $aParis,$b[Éditions de la Revue mondiale,]$c1930.
300   $a[63 p.]
500   $a[Association générale des étudiants roumains en France.]
710 2 $aAssociation générale des étudiants roumains en France.
988   $a20020608
906   $0MH

