LEADER 00523nam a2200181K  4500
001 004000030-3
005 20020606095253.2
008 940304s1950    at            000 0 eng d
035 0 $aocn220038189
040   $aHLS$cHLS
100 1 $aAtkins, F. G.
245 14$aThe pearling industry in Western Australia.
260   $aNedlands.,$c1950.
300   $a13 p.
490 0 $aGeographical Laboratory, Univ. of Western Australia. Research report,$v12
690  9$aPearl fisheries$zWestern Australia.$5wid
988   $a20020608
906   $0MH

