LEADER 00458nam a2200169K  4500
001 004000031-1
005 20020606095253.2
008 940304q18001899nyu           000 0 eng d
035 0 $aocm14190172
040   $aHHG$cHHG
100 1 $aAllingham, John Till,$dactive 1799-1810.
245 14$aThe weathercock;$ba farce, in two acts.
260   $aNew York,$b[S.] French$c[18--]
300   $a28 p.$c[19 cm.]
440  4$aThe minor drama;$v39
988   $a20020608
906   $0MH

