LEADER 00626nam a2200193K  4500
001 004000032-X
005 20090712174400.0
008 940304s1963    it            000 0 ita d
035 0 $aocm80702823
040   $aHLS$cHLS
110 2 $aAssociazione nazionale partigiani d'Italia.
245 12$aI Cervi;$bscritti e documenti.$cA cura dell'A.N.P.I. di Reggio Emilia nel ventennale della Resistenza.
250   $a[2.ed.,$bamplaita.
260   $aReggio Emilia,$bTecnostampa,$c1963]
300   $a79 p.$billus.
600 30$aCervi family.
690  9$aWorld War, 1939-45$xUnderground movements$zItaly.$5wid
988   $a20020608
906   $0MH

