LEADER 00481nam a2200157K  4500
001 004000033-8
005 20020606095253.2
008 940304s1882    dcu           000 0 eng d
035 0 $aocm82106992
040   $aHLS$cHLS
100 1 $aAtkins, John D. C.$q(John Dewitt Clinton),$d1825-1908.
245 10$aAppropriations;$bspeech in the House of Representatives, August 5, 1882.
260   $aWashington, D.C.,$bB.O. Polkinhorn, printer,$c1882.
300   $app. 16.
988   $a20020608
906   $0MH

