LEADER 00420nam a2200157K  4500
001 004000034-6
005 20020606095253.2
008 940304s1826    pau           000 0 eng d
035 0 $aocn191250651
040   $aHHG$cHHG
100 1 $aAllingham, John Till,$dactive 1799-1810.
245 14$aThe weathercock;$ba comic opera, in two acts.
260   $aPhiladelphia,$bC. Neal,$c1826.
300   $app. 27.
988   $a20020608
906   $0MH

