LEADER 00508nam a2200157K  4500
001 004000035-4
005 20020606095253.2
008 940304s1864    mau           000 0 eng d
035 0 $aocm78631644
040   $aHLS$cHLS
100 1 $aAtkins, Mary A.
245 10$aMust, or Ann Holbrook's girlhood.$cBy the author of "Ellis Amory", "Ernest Brownley's trials and triumphs", "Motherless Maud".
260   $aBoston,$bMassachusetts Sabbath School Society,$c[cop.1864].
300   $ap.$bPlates.
988   $a20020608
906   $0MH

