LEADER 00547nam a2200169K  4500
001 004000036-2
005 20020606095253.2
008 940304s1955    fr            000 0 fre d
035 0 $aocm82017707
040   $aHLS$cHLS
110 2 $aAssociation générale des familles du XVIe, Paris.
245 10$aEnquête sur le 16. arrondissement de Paris.$bÉtude effectuée par un groupe d'enquêteurs bénévoles, de 1950 à 1955.
260   $a[Paris,$c1955?]
300   $a68 p.$bmaps.
651  0$a16e Arrondissement (Paris, France)
988   $a20020608
906   $0MH

