LEADER 00532nam a2200157K  4500
001 004000037-0
005 20020606095253.2
008 940304s1969    xx            000 0 eng d
035 0 $aocm08800888
035 0 $aocm77001787
040   $aHLS$cHLS
100 1 $aWhitaker, Paul Millard.
245 10$aAngola,Guinea,Mozambique:$ba comparative study of the international relations of the revolutionary nationalist liberation movements of Portuguese Africa.
502   $aThesis (A.B., Honors)--Harvard University, 1969.
988   $a20020608
906   $0MH

