LEADER 00666nam a2200169K  4500
001 004000038-9
005 20020606095253.2
008 940304s1766    enk           000 0 eng d
035 0 $aocm81185054
040   $aHHG$cHHG
100 1 $aAlmon, John,$d1737-1805,$eattributed author.
245 12$aA letter concerning libels, warrants, the seisure of papers, and sureties for the peace of behaviour;$bwith a view to some late proceedings and the defence of them by the majority. With the postscript and appendix.
250   $a6th ed.
260   $aL,$c1766.
500   $aIn Wilkes, John. A collection of the most Valuable Tracts, etc. 1766, I. [iii]
988   $a20020608
906   $0MH

