LEADER 00350nam a2200157K  4500
001 004000039-7
005 20020606095253.2
008 940304s1952    enk           000 0 eng d
035 0 $aocm30176605
040   $aHLS$cHLS
100 1 $aAtkinson, Alex.
245 10$aAll next week.
260   $aL,$bDavies$c[1952]
300   $a249 p.
988   $a20020608
906   $0MH

