LEADER 01148nam a2200253 a 4500
001 004000040-0
005 20090708191057.0
008 940304q18301839enka          000 d eng d
035 0 $aocn432654740
040   $aHHG$cHHG
100 1 $aAllingham, John Till,$dactive 1799-1810.
245 14$aThe weathercock :$ba farce in two acts /$cby J.T. Allingham.
260   $aLondon,$bJ. Cumberland,$c[183-?]
300   $app. 32.$bfront.
500   $a"Printed from the acting copy with remarks biographical and critical [by George Daniel]"
500   $a"To which are added a description of the costume, cast of characters, entrances and exits, relative positions of the performers on the stage, and the whole of the stage business."
500   $a"Embellished with a fine engraving, by Mr. Bonner, from a drawing taken in the Theatre [Royal] by Mr. R. Cruikshank."
655  7$aActing editions$zEngland$zLondon$y19th century.$2rbgenr
700 1 $aJohnson, William F.,$d-1859,$eformer owner.$5the
700 1 $aCruikshank, Robert,$d1789-1856,$eill.
700 1 $aDaniel, George,$d1789-1864.
752   $aEngland$dLondon.
988   $a20020608
906   $0MH

