LEADER 00861nam a2200205Ki 4500
001 004000041-9
005 20080617121908.0
008 940304s1971    ai            100 0 arm d
035 0 $aocm77675601
040   $aHLS$cHLS
245 00$aAtʻabek Khnkoyan :$btsnndyan haryur-amyaki aṛtʻiv gitakan nstashrjani nyutʻeri zhoghovatsu /$ced. V.A. Khnkoyan.
246 1 $iTitle on t.p. verso:$aAtabek Khnkoi͡an
260   $aErevan :$b[s.n.],$c1971.
300   $a94 p., [8] leaves of plates :$bill. ;$c20 cm.
500   $aAt head of title: HSSH Kulturayi ministrutʻyun. Khnko-Apor anvan hanrapetakan mankakan gradaran = Ministerstvo kulʹtury Arm. SSR. Respublikanskai͡a detskai͡a biblioteka imeni Khnko Apera.
600 00$aKhnko-Aper,$d1870-1935$vCongresses.
700 1 $aKhngoi͡an, V. A.
752   $aArmenia (Republic)$dYerevan.
988   $a20020608
906   $0MH

