LEADER 00375nam a2200145K  4500
001 004000042-7
005 20020606095253.2
008 940304s1908    quc           000 0 fre d
035 0 $aocm83308249
040   $aHLS$cHLS
110 2 $aL'Association Loyala.
245 10$aŒuvre de la jeunesse catholique.
260   $aQuébec,$bLaflamme & Proulx, Imp.,$c1908.
988   $a20020608
906   $0MH

