LEADER 00449nam a2200169K  4500
001 004000043-5
005 20020606095253.2
008 940304s1894    enk           000 0 eng d
035 0 $aocm78622228
040   $aHLS$cHLS
100 1 $aAtkinson, Arthur,$eed.
245 10$aBright's illustrated guide to Bournemouth, etc., etc.
260   $aBournemouth, etc.,$c[1894].
300   $ap.$cobl.8vo
651  0$aBournemouth (England).
988   $a20020608
906   $0MH

