LEADER 00512nam a2200169K  4500
001 004000044-3
005 20020606095253.2
008 940304s1767    enk           000 0 eng d
035 0 $aocm79570648
040   $aHHG$cHHG
100 1 $aAlmon, John,$d1737-1805.
245 12$aA list of books and pamphlets, printed for J. Almon, bookseller and stationer, opposite Burlington-house in Piccadilly, London.
260   $a[London,$c1767]
300   $a8 p.$c22 cm. (8vo)
500   $aCaption title.
988   $a20020608
906   $0MH

