LEADER 00629nam a2200181K  4500
001 004000045-1
005 20090712174401.0
008 940304s1963    it            000 0 ita d
035 0 $aocm81398681
040   $aHLS$cHLS
110 2 $aAssociazione nazionale partigiani d'Italia.
245 13$aLa resistenza nell'Anconitano.$b[Dalle prime lotte antifasciste alla Liberazione]$cEdito a cura dell'ANPI, Provinciale di Ancona.
260   $a[Roma,$c1963]
300   $a413 p.$billus.
690  9$aAntifascist movement.$5wid
690  9$aWorld War, 1939-45$xUnderground movements$zAncona, Italy (Province).$5wid
988   $a20020608
906   $0MH

