LEADER 00442nam a2200145K  4500
001 004000046-X
005 20020606095253.2
008 940304s1968    xx            000 0 eng d
035 0 $aocm77001788
040   $aHLS$cHLS
100 1 $aWhitbeck, John Van Husan.
245 10$aLiberia's critical decade;$bthe struggle for sovereignty, 1926-1935,$cby John V.Whitbeck.
502   $aThesis (A.B., Honors)--Harvard University, 1968.
988   $a20020608
906   $0MH

