LEADER 00365nam a2200157K  4500
001 004000047-8
005 20020606095253.2
008 940304s1920    wau           000 0 eng d
035 0 $aocm64083061
040   $aHLS$cHLS
100 1 $aAtkinson, C. A.
245 10$aDuty of the hour, paper.
260   $a[Washington,$c1920.]
500   $aPamphlet.
988   $a20020608
906   $0MH

