LEADER 00381nam a2200145K  4500
001 004000048-6
005 20020606095253.2
008 940304s1959    xx            000 0 eng d
035 0 $aocm77001789
040   $aHLS$cHLS
100 1 $aWhitbread, Thomas Bacon.
245 14$aThe later poems of Wallace Stevens.
502   $aThesis (Ph. D.)--Harvard University, 1959.
988   $a20020608
906   $0MH

