LEADER 00451nam a2200157K  4500
001 004000049-4
005 20020606095253.2
008 940304s1924    it            000 0 ita d
035 0 $aocm81398683
040   $aHLS$cHLS
110 2 $aAssociazione nazionale per gli interessi del Mezzogiorno d'Italia.
245 10$aStatuto e regolamento delle sezioni.
260   $a[Roma,$bTip.delle scuole di L. Proja,$c1924.]
300   $app. 15.
988   $a20020608
906   $0MH

