LEADER 00489nam a2200181Ki 4500
001 004000050-8
005 20020606095253.2
008 940304s1970    ai c          000 0 armod
035 0 $aocm84332831
040   $aHLS$cHLS
100 1 $aAtʻabekean, Lewon,$d1875-1918
245 10$aBanasteghtsutʻyunner /$cLevon Atʻabekyan.
246 15$aStikhi.
260   $aErevan :$b"Hayastan",$c1970.
300   $a78 p., [1] leaf of plates :$bport. ;$c17 cm.
500   $aPoems.
988   $a20020608
906   $0MH

