LEADER 00564nam a2200205K  4500
001 004000051-6
005 20050513124106.0
008 940304r1854    enk           000 p eng d
035 0 $aocm64667024
040   $aHHG$cHHG
100 1 $aAllingham, William,$d1824-1889.
245 10$aPeace and war :$ban ode.
260   $aLondon :$bG. Routledge and Co.,$c1854.
300   $a13 p. ;$c16 cm.
500   $aCover title.
500   $a"Reprinted, by permission, from the "Daily News".
650  0$aPeace$vPoetry.
752   $aEngland$dLondon.
988   $a20020608
906   $0MH

