LEADER 00476nam a2200157K  4500
001 004000052-4
005 20020606095253.2
008 940304s1684    sp            000 0 spa d
035 0 $aocm81994885
040   $aHHG$cHHG
100 1 $aAlonso, De Santo Tomas,$cbp. of Malaga.
245 10$aProclamacion catolica a los principes christianos, sobre la union à la sagrado liga contra el otomano imperio ...
260   $a[Malaga?$c1684.]
300   $ap.$csm.4to
988   $a20020608
906   $0MH

