LEADER 00601nam a2200181K  4500
001 004000053-2
005 20020606095253.2
008 940304s1971    xx            000 0 fre d
035 0 $aocm83842439
040   $aHLS$cHLS
110 2 $aAssociation nationale des anciens combattants de la Résistance.$bComité de Haute-Savoie.
245 10$aMémorial de la Résistance en Haute-Savoie.
250   $a[2. éd., rev. et corr.]
260   $aAnnecy,$bMaison du combattant$c[1971]
300   $a181 p.$billus.
690  9$aWorld War, 1939-45$xUnderground movements$zHaute-Savoie.$5wid
988   $a20020608
906   $0MH

