LEADER 00394nam a2200145K  4500
001 004000054-0
005 20020606095253.2
008 940304s1949    xx            000 0 eng d
035 0 $aocm77001790
040   $aHLS$cHLS
100 1 $aWhitby, Oliver Wynford.
245 10$aTransit-time effects in class C power amplifiers.
502   $aThesis (Ph. D.)--Harvard University, 1949.
988   $a20020608
906   $0MH

