LEADER 00684nam a2200193K  4500
001 004000055-9
005 20020606095253.2
008 940304s1924    enk           000 0 eng d
035 0 $aocm78033659
040   $aHLS$cHLS
100 1 $aAtkinson, Donald,$d1886?-
245 10$aFlint excavation report;$bbeing an account of some trial trenches dug at Pentre, Sept. 1923,$cby D. Atkinson & M.V. Taylor.
260   $aPrestatyn,$b[Printed for the Society by J.T. Burrows,]$c1924.
300   $a23 p.$billus.
490 0 $aFlintshire Historical Society. [Publications]$vv. 10, pt.1
691  9$aPentre, Wales.$5wid
700 1 $aTaylor, Margerie Venables.$tFlint ...
988   $a20020608
906   $0MH

