LEADER 00412nam a2200157K  4500
001 004000056-7
005 20020606095253.2
008 940304s1911    it            000 0 ita d
035 0 $aocm78199797
040   $aHLS$cHLS
110 2 $aAssociazione nazionalista, Rome.
245 12$aL'Italia in Tripolitania.
260   $aRoma,$bAssociazione nazionalista,$c1911.
691  9$aTripolitania.$5wid
988   $a20020608
906   $0MH

