LEADER 00500nam a2200181K  4500
001 004000057-5
005 20020606095253.2
008 940304s1951    fr            000 0 fre d
035 0 $aocm32713521
040   $aHLS$cHLS
110 2 $aAssociation nationale des sociétés par actions.
245 14$aLes investissements étrangers en France.
260   $aParis$c[1951]
300   $a[104 p.]
490 0 $a[Its$vNo. 88, Jan. 1951]
690  9$aInvestments$xForeign$zFrance.$5wid
988   $a20020608
906   $0MH

