LEADER 00425nam a2200157K  4500
001 004000058-3
005 20020606095253.2
008 940304s1860    it            000 0 ita d
035 0 $aocm78952756
040   $aHLS$cHLS
110 2 $aAssociazione Pedagogica, Milan.
245 10$aStatuto organico della Associazione pedagogica in Milano.
260   $aMilano,$bD. Salvi e co.,$c1860.
500   $aPamphlet.
988   $a20020608
906   $0MH

