LEADER 00715nam a2200205K  4500
001 004000059-1
005 20020606095253.2
008 940304s1934    fr            000 0 fre d
035 0 $aocm39978300
040   $aHLS$cHLS
090   $aHC405$b.A82x
100 1 $aAtabinen, Reşit Saffet,$d1884-1965.
245 10$aNouvelle, politique économique de la Turquie kémaliste.
260   $aParis :$bLibrairie Marcel Fresco,$c[1934].
300   $a40 p. ;$c18 cm.
500   $aAt head of title: Kara Chemsi Rechid Saffet.
500   $a"Conférence ... faite par Rechid Saffet bey ... le 17 juillet 1934 au Palais de la Bourse de Marseille."
691  9$aTurkey$xEconomic conditions$y1918-$5wid
988   $a20020608
906   $0MH

