LEADER 00481nam a2200169K  4500
001 004000060-5
005 20020606095253.2
008 940304s1940    xx            000 0 eng d
035 0 $aocm77001791
040   $aHLS$cHLS
100 1 $aWhitcher, Wendell Jennison.
245 10$a[Halogen derivatives of phenoxyacetylene;$ban optically active allene.]
300   $ap.$c28 x 21 cm.
500   $aTypewritten.
502   $aThesis (Ph. D.)--Harvard University, 1940.
988   $a20020608
906   $0MH

