LEADER 00502nam a2200157K  4500
001 004000061-3
005 20020606095253.2
008 940304q17901799stk           000 0 eng d
035 0 $aocn316411899
040   $aHHG$cHHG
245 00$aAlonzo the brave and fair Imogine;$ba ballad. To which is added A description of a beauty at ---- races; a ballad.
260   $aGlasgow,$bBrash & Reid,$c[179-?].
300   $app. 8.
500   $aIn Poetry; original and selected. [Vol. II. 179-?].
988   $a20020608
906   $0MH

