LEADER 00428nam a2200145K  4500
001 004000062-1
005 20020606095253.2
008 940304q19001994it            000 0 und d
035 0 $aocm83145808
040   $aHLS$cHLS
110 2 $aAssociation nationale italienne pour le mouvement des etrangers.
245 10$aRome, guide sommaire offert gratuitement.
260   $aRome, etc.,$bImpr. F. Marcolli & c.$c[19- ]
988   $a20020608
906   $0MH

