LEADER 00589nam a2200181K  4500
001 004000063-X
005 20020606095253.2
008 940304s1881    mau           000 0 eng d
035 0 $aocm80043682
040   $aHLS$cHLS
100 1 $aAtkinson, Edward,$d1827-1905.
245 10$aAddress, on the right methods of preventing destructive fires in cities, and securing indemnity against loss by fire at cost.$bGiven in New York, Jan. 24, 1881. [With an apendix.]
260   $aBoston,$c1881.
300   $app. 28.
690  9$aFires.$5wid
690  9$aInsur.$xFire.$5wid
988   $a20020608
906   $0MH

