LEADER 00621nam a2200193K  4500
001 004000064-8
005 20020606095253.2
008 940304s1979    ru            000 0 rus d
035 0 $aocm79782184
040   $aHLS$cHLS
090   $aDK507.76.T7$bA84x
100 1 $aAslëzov, S. A.$q(Stanislav Aleksandrovich)
245 10$aEsli ne my, to kto zhe? ;$bo Geroe Sovetskogo Soiuza V.Z. Tsariuke /$cStanislav Aslezov.
260   $aMoskva :$bPolitizdat,$c1979.
300   $a110 p., [4] leaves of plates :$bill. ;$c17 cm.
490 0 $aGeroi Sovetskoi Rodiny
600 10$aTsariuk, Vladimir Zenonovich.
988   $a20020608
906   $0MH

