LEADER 00518nam a2200169K  4500
001 004000065-6
005 20020606095253.2
008 940304s1958    it            000 0 ita d
035 0 $aocm80397357
040   $aHLS$cHLS
110 2 $aAssociazione per Imola Storico-Artistica.
245 10$aIndice bibliographico di Alfredo Grilli;$blibri, opuscoli, estratti, articoli, 1895-1958.
260   $aImola,$bA.I.S.A. Editr.,$c1958.
300   $a32 p.
600 10$aGrilli, Alfredo,$d1878-$xBibliography.
988   $a20020608
906   $0MH

