LEADER 00557nam a2200169K  4500
001 004000066-4
005 20020606095253.2
008 940304s1877    mau           000 0 eng d
035 0 $aocm79060133
040   $aHLS$cHLS
100 1 $aAtkinson, Edward,$d1827-1905.
245 10$aArgument, for a change in the law in regard to taxing foreign corporations.$bBefore a committee of the Legislature of Mass. on just and equal taxation. Feb. 27, 1877.
260   $aBoston,$c1877.
300   $app. 24.
690  9$aFin.$zMass.$xTaxation.$5wid
988   $a20020608
906   $0MH

