LEADER 00620nam a2200205K  4500
001 004000067-2
005 20020606095253.2
008 940304s1952    fr            000 0 fre d
035 0 $aocn236072168
040   $aHLS$cHLS
100 1 $aAtabinen, Reşit Saffet,$d1884-1965.
245 14$aLes apports turcs dans le peuplement et la civilisation de l'Europe orientale.
260   $aParis,$bBesson$c[1952]
300   $a181 p.
500   $aImprint from label mounted on t.p.
500   $a[Original imprint on t.p.: T.A.C.T.]
690  9$aTurks$zEurope.$5wid
691  9$aEurope$xEthnology.$5wid
988   $a20020608
906   $0MH

