LEADER 00560nam a2200181K  4500
001 004000068-0
005 20020606095253.2
008 940304s1951    xx            000 0 eng d
035 0 $aocm39558184
035 0 $aocn236072169
040   $aHLS$cHLS
110 2 $aAssociation of American Railroads.$bBureau of Railway Economics.$bLibrary.
245 10$aNear East railroads and oil pipe lines, 1946-1951;$ba bibliographical memorandum.
260   $a[n.p.,$c1951].
300   $a[7 numb. 1.]
690  9$aRailroads$xLevant$xBibliography$5wid
988   $a20020608
906   $0MH

