LEADER 00804nam a2200181K  4500
001 004000069-9
005 20090712174401.0
008 940304s1649    enk           000 0 eng d
035 0 $aocm84417653
040   $aHHG$cHHG
100 1 $aAllington, John,$dactive 1649-1678.
245 12$aA brief apologie for the sequestred clergie.$bVVherein (among other things) this case of conscience is judiciously handled: whether any minister of the Church of England may (to avoid sequestration) omit the publike use of the liturgie, and submit to the directory. In a letter from a sequestred divine, to Mr. Stephen Marshall.
260   $a[London]$bPrinted to the yeere$c1649.
300   $a1 p. ℓ., 22 p.
500   $aSigned at end: J.A., Decemb. 22. 1647.
700 1 $aArjumand, Jamshīd.
988   $a20020608
906   $0MH

