LEADER 00451nam a2200157K  4500
001 004000070-2
005 20020606095253.2
008 940304s1948    tu            000 0 fre d
035 0 $aocm83649992
040   $aHLS$cHLS
100 1 $aAtabinen, Reşit Saffet,$d1884-1965.
245 13$aLa position des Turks dans le monde.
260   $aIstanboul,$bEditions des "Amis d'Istanboul",$c1948.
691  9$aTurkey$xForeign relations.$5wid
988   $a20020608
906   $0MH

