LEADER 00481nam a2200157K  4500
001 004000071-0
005 20020606095253.2
008 940304s1871    it            000 0 ita d
035 0 $aocm77728996
040   $aHLS$cHLS
110 2 $aAssociazione Per Le Scuole Serali E Festive Professionali, Padua.
245 10$aStatuto dell'Associazione per le scuole serali e festive professionali in Padova.
260   $aPadova,$bF. Sacchetto,$c1871.
500   $aPamphlet.
988   $a20020608
906   $0MH

