LEADER 00544nam a2200169K  4500
001 004000072-9
005 20020606095253.2
008 940304s1889    scu           000 0 eng d
035 0 $aocm34100139
040   $aHLS$cHLS
100 1 $aAtkinson, Edward,$d1827-1905.
245 10$aConsumption limited--production unlimited.$bAn address before the university of South Carolina on commencement day, June 26th, 1889.
260   $aColumbia, S.C.,$c1889.
300   $app. 38.
691  9$aUnited States$xEconomic conditions.$5wid
988   $a20020608
906   $0MH

