LEADER 00454nam a2200145Ki 4500
001 004000073-7
005 20020606095253.2
008 940304s1961    xx            000 0 eng d
035 0 $aocm77001792
040   $aHLS$cHLS
100 1 $aWhitcomb, Robert C.
245 10$aTime and the changing perspective :$bfour views of Mexico on the verge of revolution /$cRobert C. Whitcomb.
502   $aThesis (A.B., Honors)--Harvard University, 1961.
988   $a20020608
906   $0MH

