LEADER 01073nam a2200301Ia 4500
001 004000074-5
005 20120605162845.0
008 940304s1865    mau           000 0 eng d
035 0 $aocn860385284
035 0 $aocm83888411
040   $aHLS$cHLS$dHMM
043   $an-usu--$an-us---
100 1 $aAtkinson, Edward,$d1827-1905.
245 10$aCotton and the cotton trade ;$bHow much cotton is there in the South? ; Injury worked by the restrictions on trade.
246 30$aHow much cotton is there in the South?
246 30$aInjury worked by the restrictions on trade
260   $a[Boston :$bs.n.,$c1865]
300   $a1 sheet ([1] p.) ;$c42 x 22 cm.
500   $aSigned "E. A."
500   $aTitle from caption.
500   $a"Boston, May 12, 1865."
650  0$aCotton trade$zSouthern States.
650  0$aCotton$xYields$zSouthern States.
655  7$aBroadsides$zUnited States$y19th century$2rbgenr
752   $aUnited States$bMassachusetts$dBoston.
830  0$aHarvard College Library pamphlet digitization program.$5net
988   $a20020608
906   $0MH

