LEADER 00456nam a2200181K  4500
001 004000075-3
005 20020606095253.2
008 940304s1958    tu            000 0 fre d
035 0 $aocn236072171
040   $aHLS$cHLS
100 1 $aAtabinen, Reşit Saffet,$d1884-1965.
245 10$aRevisions historiques.
260   $a[Istanbul,$bHachette,$c1958]
300   $a186 p.
690  9$aTurks.$5wid
691  9$aTurkey$xHistory.$5wid
988   $a20020608
906   $0MH

