LEADER 01411nam a2200385 a 4500
001 004000076-1
005 20020606095253.2
008 940304s1592    it            000 0 lat d
035 0 $aocm47816774
040   $aHHG$cHHG
041 0 $alatara
245 00$aAlphabetum arabicum.
246 3 $aAlphabetvm arabicvm
260   $aRomae :$bIn Typographia Medicea,$c1592.
300   $a64 p. ;$c24 cm. (4to)
500   $aSignatures: A-H⁴.
500   $aTitle page and text within single rule border.
500   $aWoodcut title-page vignette (printer's device).
500   $aIncludes a syllabary and exercises.
510 4 $aSchnurrer, C.F. Bib. arabica,$c41.
510 4 $aAdams,$cA-780.
510 4 $aBM STC Italian, 1465-1600,$cp. 36.
650  0$aArabic language$xGrammar$vEarly works to 1800.
650  0$aType and type-founding$zItaly$zRome.
650  0$aPrinting$zItaly$zRome$vSpecimens.
650  0$aArabic type$vSpecimens.
655  7$aMorocco bindings (Binding)$zItaly$y16th century.$2rbbin
655  7$aType specimens$zItaly$zRome$y1592.$2rbgenr
655  7$aStamped corrections (Printing)$zItaly$zRome$y1592.$2rbpri
700 1 $aNorfolk, Henry Howard,$cDuke of,$d1628-1684,$eformer owner.$5hou
710 2 $aTipografia medicea orientale,$eprinter.
710 2 $aRoyal Society (Great Britain),$eformer owner.$5hou
752   $aItaly$dRome.
988   $a20020608
906   $0MH

