LEADER 01099nam a2200253Ia 4500
001 004000077-X
005 20120612115315.0
008 940304s1876    mau           000 0 eng d
035 0 $aocn860385183
035 0 $aocm81858402
040   $aHLS$cHLS$dHMM
043   $an-us---
100 1 $aAtkinson, Edward,$d1827-1905.
245 14$aThe cotton manufactures of the United States of America :$bcatalogue of samples of cotton fabrics, prepared for the use of the foreign commissioners attending the Centennial Exhibition in Philadelphia, United States of America.
246 30$aCatalogue of samples of cotton fabrics
260   $aBoston :$bPress of W.L. Deland,$c1876.
300   $a34 p. ;$c29 cm.
500   $aSigned on p. 9: Edward Atkinson (Member and Secretary of Group of Judges No. 8 of the Centennial Exhibition).
650  0$aCotton fabrics$zUnited States$vCatalogs.
711 2 $aCentennial Exhibition$d(1876 :$cPhiladelphia, Pa.)
752   $aUnited States$bMassachusetts$dBoston.
830  0$aHarvard College Library pamphlet digitization program.$5net
988   $a20020608
906   $0MH

