LEADER 00508nam a2200193K  4500
001 004000078-8
005 20020606095253.2
008 940304s1955    mau           000 0 eng d
035 0 $aocm43663087
040   $aHLS$cHLS
050  4$aQK480.U52$bA7667
110 2 $aAssociation for the Arnold Arboretum, Inc.
245 12$aA review of the Arnold Arboretum controversy.
260   $a[Boston?]$c1955.
300   $a12 p.
610 20$aArnold Arboretum.
610 20$aHarvard University.
988   $a20020608
906   $0MH

