LEADER 00404nam a2200145K  4500
001 004000079-6
005 20070729215718.0
008 940304s1900    fr            000 0 und d
035 0 $aocm81630297
040   $aHLS$cHLS
110 1 $aAsnières-sur-Seine (France).$bInstitut départemental de sourds-muets et de sourdes-muettes.
245 10$aNotice, 1894-1899.
260   $aParis,$c1900.
988   $a20020608
906   $0MH

