LEADER 00458nam a2200169K  4500
001 004000080-X
005 20020606095253.2
008 940304n        xx            000 0 eng d
035 0 $aocm77954855
040   $aHHG$cHHG
245 00$a[Alphabetical list of plays offered in New York, During the season 1885-86]
300   $ap.$c4to
500   $aTypewritten.
690  9$aMSS$xEng.$5the
690  9$aAmerican Drama$zNew York (City)$5the
988   $a20020608
906   $0MH

