LEADER 00679nam a2200229I  4500
001 004000081-8
005 20020606095253.2
008 940304r19001900nyu           000 0 eng  
010   $a   08009593 
035 0 $aocm78252361
040   $aDLC$cHLS
050 0 $aHJ2321$b.A8
100 1 $aAtkinson, Edward,$d1827-1905.
245 14$aThe distribution of taxes.$cBy Edward Atkinson.
260   $a[New York?$c1900?]
300   $a[1], [54]-59 p.$c24 cm.
500   $aCaption title.
500   $aAt head of title: Reprinted from the Popular science monthly, vol. LVIII, no. 1, November, 1900.
650  0$aTaxation.
690  9$aFin.$xTaxation.$5wid
988   $a20020608
906   $0DLC

