LEADER 00596nam a2200169K  4500
001 004000082-6
005 20020606095253.2
008 940304s1854    pe            000 0 spa d
035 0 $aocm77590711
040   $aHLS$cHLS
110 1 $aAtacama (Chile).$bIntendencia.
245 10$aMemoria que el intendente de la provincia de Atacama presenta al Señor Ministro de Estado en el Departamento del Interior,$bdando cuenta de todo los ramos de la administración.
260   $aCopiapó,$bImprenta de Copiapino,$c1854.
300   $a132 p.
500   $aSigned=Antonio de la Fuente.
988   $a20020608
906   $0MH

