LEADER 00369nam a2200145K  4500
001 004000083-4
005 20020606095253.2
008 940304s1898    xx            000 0 eng d
035 0 $aocm43302621
040   $aHLS$cHLS
100 1 $aAtkinson, Edward,$d1827-1905.
245 14$aThe evolution of high wages from low cost of labor.
260   $cCop.1898.
988   $a20020608
906   $0MH

