LEADER 00562nam a2200169K  4500
001 004000084-2
005 20020606095253.2
008 940304s1952    it            000 0 ita d
035 0 $aocn236463897
040   $aHLS$cHLS
110 2 $aAssociazione per lo sviluppo dell'industria nel Mezzogiorno.
245 10$aPopolazione e forze di lavoro;$bprospettive demografiche fino al 2000 per Italia Meridionale, Sicilia, Sardegna, Mezzogiorno, Italia.
260   $aRoma,$c1952.
300   $a[178 p.]
691  9$aItaly (Southern)$xPopulation.$5wid
988   $a20020608
906   $0MH

