LEADER 00365nam a2200145K  4500
001 004000085-0
005 20020606095253.2
008 940304s1901    mau           000 0 eng d
035 0 $aocn236464669
040   $aHLS$cHLS
100 1 $aAtkinson, Edward,$d1827-1905.
245 10$aFamily mutual health insurance company.
260   $aBoston,$c[1901].
988   $a20020608
906   $0MH

