LEADER 00472nam a2200157Ki 4500
001 004000086-9
005 20020606095253.2
008 940304s1981    xx            000 0 eng d
035 0 $aocm77001793
040   $aHLS$cHLS
100 1 $aWhite, Alan Wayne.
245 13$aI. Studies of organodimetallic reagents ; II. Synthesis of reserpine /$cby Alan Wayne White.
246 3 $aSynthesis of reserpine.
502   $aThesis (Ph. D.)--Harvard University, 1981.
988   $a20020608
906   $0MH

