LEADER 00822cam a2200253I  4500
001 004000087-7
005 20040407125858.0
008 750811s1918    nyuaf         000 0 eng  
010   $a   18018868 
035 0 $aocm08159609
035 0 $aocm01533766
040   $aDLC$cFQG$dSER$dOCL$dNYP$dHLS
043   $as-gy---
050 0 $aQH125$b.B4
100 1 $aBeebe, William,$d1877-1962.
245 10$aJungle peace,$cby William Beebe ...
260   $aNew York,$bH. Holt and Company,$c1918.
300   $a6 p. ℓ., 3-297 p.$bfront., plates.$c20 cm.
500   $a"With three exceptions these chapters have appeared in the pages of the Atlantic monthly."
650  0$aNatural history$zGuyana.
651  0$aGuyana$xDescription and travel.
730 0 $aAtlantic monthly (Boston, Mass. : 1857)
988   $a20020608
906   $0DLC

