LEADER 00962nam a2200241I  4500
001 004000088-5
005 20070901105618.0
008 750811s1894    enk           000 0 eng u
010   $a   05006846 
035 0 $aocm01533781
040   $cIQU$dHTV
043   $aar-----$aaw-----
050 0 $aDS48.2$b.C87
050 0 $aDS48.2$b.C87 1894
100 1 $aCowper, H. S.$q(Henry Swainson),$d1865-1941.
245 00$aThrough Turkish Arabia.$bA journey from the Mediterranean to Bombay by the Euphrates and Tigris valleys and the Persian Gulf.$cBy H. Swainson Cowper ...
260   $aLondon,$bW. H. Allen & co.,$c1894.
300   $axx, 490 p.$bfront., illus., pl., 2 maps.$c23 cm.
651  0$aArabian Peninsula$xDescription and travel.
651  0$aMiddle East$xDescription and travel.
776 08$iOnline version:$aCowper, H.S. (Henry Swainson), 1865-1941.$tThrough Turkish Arabia.$dLondon, W.H. Allen & Co., 1894$w(OCoLC)610454186
988   $a20020608
906   $0MH

