LEADER 00748cam a2200241I  4500
001 004000089-3
005 20100413103836.0
008 750811s1950    cau           000 0 eng u
010   $a   50009457 
035 0 $aocm01535883
040   $cGUA$dOCL$dHLS
050   $aF849.V8$bB44
082   $a979.3
100 1 $aBeebe, Lucius Morris,$d1902-1966.
245 10$aLegends of the Comstock Lode,$cby Lucius Beebe and Charles Clegg. Decorations by E. S. Hammack.
260   $a0akland, Calif.,$bG. H. Hardy,$c1950.
300   $a79 p.$billus., ports., map.$c23 cm.
504   $aBibliography: p. [80]
651  0$aComstock Lode (Nev.)
651  0$aVirginia City (Nev.)$xHistory.
700 1 $aClegg, Charles,$d1916-1979.
988   $a20020608
906   $0MH

