LEADER 00932cam a2200217   4500
001 004000090-7
005 19971009102951.9
008 750812s1931    xx            000 0 eng u
010   $a   32021914 
035 0 $aocm01540234
040   $cCPL$dOCL$dHLS
050 0 $aHB195$b.B35 1931
082   $a355.21
100 1 $aBaruch, Bernard M.$q(Bernard Mannes),$d1870-1965.
245 10$aTaking the profit out of war;$bsuggested policies to provide, without change in our Constitution, for industrial mobilization, elimination of profiteering and equalization of the burdens of war.$cA memorandum submitted to the Joint congressional and cabinet commission constituted pursuant to Public resolution no. 98, 71st Congress. By Bernard M. Baruch.
260   $a[Washington? D.C.,$c1931]
300   $a2 p. ℓ., 43, [1] p.$c23 cm.
650  0$aWar$xEconomic aspects.
651  0$aUnited States$xEconomic policy.
988   $a20020608
906   $0MH

