LEADER 00934cam a2200253I  4500
001 004000091-5
005 20020606095253.2
008 750812s1936    nyu           000 0 eng  
010   $a   36006347 
035 0 $aocm01540244
040   $aDLC$cCPL$dOCL$dSER$dHLS
050 0 $aHB195$b.B35
082   $a355.21
100 1 $aBaruch, Bernard M.$q(Bernard Mannes),$d1870-1965.
245 10$aTaking the profits out of war;$ba program for industrial mobilization.
260   $a[New York?$c1936?]
300   $a150 p.$c26 cm.
500   $a"A compilation of some of the many thousands of words I have written and spoken on the subject of taking the profits out of war and of industrial mobilization."--Prefatory note, signed: B.M.B.
650  0$aWar$xEconomic aspects.
650  0$aProfiteering$zUnited States.
650  0$aPrice regulation$zUnited States.
651  0$aUnited States$xEconomic policy.
988   $a20020608
906   $0DLC

