LEADER 00617cam a2200205I  4500
001 004000092-3
005 20020606095253.2
008 750813s1895    enk           000 0 eng u
010   $a   08032358 
035 0 $aocm01543435
040   $cFQG$dOCL$dHLS
050 0 $aQL101$b.B4
100 1 $aBeddard, Frank E.$q(Frank Evers),$d1858-1925.
245 02$aA text-book of zoogeography,$cby Frank E. Beddard...
260   $aCambridge,$bUniversity press,$c1895.
300   $avii, 245 p.$b5 maps (incl. front.) diagrs.$c19 cm.
440  0$aCambridge biological series..
650  0$aZoogeography.
988   $a20020608
906   $0MH

