LEADER 01190nam a2200277I  4500
001 004000093-1
005 20020606095253.2
008 750815s1934    mau           000 0 eng u
010   $a   34023131 
035 0 $aocm01548746
040   $cDRB$dHLS
050 0 $aLB1101$b.G4 v.15, no.2
100 1 $aBeebe, Elinor Lee,$d1892-
245 10$aMotor learning of children in equilibrium in relation to nutrition;$bfrom the Department of psychology of the Johns Hopkins university,$cby Elinor Lee Beebe.
260   $aWorcester, Mass.,$bClark university,$cc1934.
300   $a99-243 p.$billus., diagrs.$c25 cm.
440  0$aGenetic psychology monographs$vv.15, no.2
500   $aAnother part of the author's dissertation was issued in 1933 as a reprint from "Child development", vol. IV, no.1, under title: Motor learning of children in hand and eye coordination with introduction of prismatic deflection.
502   $aPart of thesis (PH.D.)--Johns Hopkins university, 1932.
504   $a"References": p.230-240.
650  0$aEquilibrium (Physiology)
650  0$aMovement, Psychology of.
650  0$aChild development.
650  0$aChild psychology.
988   $a20020608
906   $0MH

