LEADER 00708nam a2200193I  4500
001 004000094-X
005 20071015202554.0
008 750819s1922    gw            000 0 ger d
035 0 $aocm01561274
040   $aBNG$cBNG$dHTV
100 1 $aSeidlitz, Woldemar von,$d1850-1922.
245 14$aDie radierungen Rembrandts,$cmit einem kritischen verzeichnis und abbildung sämtlicher radierungen.
260   $aLeipzig,$bE. A. Seemann,$c1922.
300   $a278 p.$billus., plates.$c25 cm.
500   $aFirst edition appeared in 1895 under title : Kritisches verzeichnis der radierungen Rembrandts.
650  0$aEtching$vCatalogs.
600 00$aRembrandt Harmenszoon van Rijn,$d1606-1669.
988   $a20020608
906   $0OCLC

