LEADER 01134nam a2200289I  4500
001 004000095-8
005 20020606095253.2
008 750825s1939    gw            001 0 ger  
010   $a   40031442 
035 0 $aocm01570813
040   $aDLC$cOSU$dOSU$dHLS
041 1 $agerpol
043   $ae-pl---
050   $aDK440.5.B4$bA35
082   $a327.438
100 1 $aBeck, Józef,$d1894-1944.
245 10$aBeiträge zur europäischen politik;$breden, erklärungen, interviews, 1932-1939.
260   $a[Essen]$bEssener Verlagsanstalt,$c1939 [c1938]
300   $axiii, 528 p.$bfront. (port.)$c21 cm.
500   $a"Titel der polnischen original-ausgabe: Przemówienia, deklaracje, wywiady, 1931-1937."
500   $a"Einzig berechtigte übertragung von: dr. A. v. Guttry."
651  0$aPoland$xForeign relations.
700 1 $aGuttry, Aleksander von,$d1887-$eed. and tr.
700 1 $aGuttry, Aleksander von,$d1887-1955,$eed. and tr.
776 08$iOnline version:$aBeck, Józef, 1894-1944.$tBeiträge zur europäischen politik.$d[Essen] Essener Verlagsanstalt, 1939 [©1938]$w(OCoLC)577027270
988   $a20020608
906   $0DLC

