LEADER 00551nam a2200193Ii 4500
001 004000096-6
005 20020606095253.2
008 750827q18001899xx            000 0 eng d
035 0 $aocm01576130
040   $aDRB$cDRB$dHLS
090   $aBV4510$b.B434
100 1 $aBeecher, Henry Ward,$d1813-1887.
245 10$aHow to become a Christian.$bA tract for the times. By Henry Ward Beecher.
260   $a[Boston,$bPrinted by J. Wilson,$c18-?]
300   $a12p.$c19cm.
500   $aCaption title.
650  0$aChristian life.
988   $a20020608
906   $0OCLC

