LEADER 00554nam a2200217I  4500
001 004000097-4
005 20071015202555.0
008 750828s1957    enk           000 0 eng  
010   $a   57004708 
015   $aGB57-14632
035 0 $aocm01578960
040   $aDLC$cDZM$dUKM$dHTV
050 0 $aDS259$b.B8 1957
082   $a915.5
100 1 $aBlunt, Wilfrid,$d1901-1987.
245 12$aA Persian spring.
260   $a[London]$bBarrie$c[1957]
300   $a252 p.$billus.$c23 cm.
651  0$aIran$xDescription and travel.
988   $a20020608
906   $0DLC

