LEADER 00912cam a2200229I  4500
001 004000098-2
005 20020606095253.2
008 750828s1900    enka          000 0 eng  
010   $a   02015114 
035 0 $aocm01579170
040   $aDLC$cFQG$dSER$dOCL$dHLS
050 0 $aQL737.C4$bB5
100 1 $aBeddard, Frank E.$q(Frank Evers),$d1858-1925.
245 12$aA book of whales,$cby F.E. Beddard ... With forty illustrations by W. Sidney Berridge.
260   $aLondon,$bJ. Murray;$aNew York,$bG.P. Putnam's sons,$c1900.
300   $axv, 320 p. incl. front., illus.$bXXI pl.$c22 cm.
440  4$aThe progressive science series
504   $aIncludes bibliographical references and index.
650  0$aWhales.
776 08$iOnline version:$aBeddard, Frank E. (Frank Evers), 1858-1925.$tBook of whales.$dLondon : J. Murray ; New York : G.P. Putnam's Sons, 1900$w(OCoLC)903489516
988   $a20020608
906   $0DLC

