LEADER 00562cam a2200205I  4500
001 004000099-0
005 20020606095253.2
008 750829s1953    fr            000 0 fre  
010   $a   53034311 /L
035 0 $aocm01580397
040   $aDLC$cFXG$dSER$dTJC$dHLS
050 0 $aE169$b.B419
082   $a917.3
100 1 $aBedel, Maurice,$d1884-1954.
245 10$aVoyage de Jérôme aux États-Unis dÁmerique.
260   $a[Paris]$bGallimard$c[1953]
300   $a268 p.$c19 cm.
651  0$aUnited States$xDescription and travel.
988   $a20020608
906   $0DLC

