LEADER 00684cas a2200229I  4500
001 004000100-8
005 20020606095253.2
008 750901d18901900moumr p       0   a0eng d
016 7 $aA25000000$2DNLM
035 0 $aocm01586633
040   $aMUL$cMUL$dNYG$dNSD$dRCS$dHMS
060 1 $aW1 AM523
245 00$aAmerican journal of surgery and gynecology.
260   $aSt. Louis,$bAmerican Journal Publishing Co.
300   $av.$bill.$c30 cm.
500   $aVol. 12 not published.
650  0$aSurgery$vPeriodicals.
650  2$aGeneral Surgery$xperiodicals.
650  2$aGynecology$xperiodicals.
785 00$tAmerican surgery and gynecology$x0271-6402
988   $a20020608
906   $0OCLC

