LEADER 00838cam a22002891i 4500
001 004000103-2
005 20071015202555.0
008 760420s1974    it a     b    001 0 ita  
010   $a   75564873 //r912
015   $aIt75-Mar
035 0 $aocm01615060
040   $aDLC$cCGU$dDLC$dHTV
043   $ae-it---
050 00$aNC255$b.R32
050 00$aNC255$b.R32 1974
100 1 $aRagghianti Collobi, Licia.
245 13$aIl Libro de' disegni del Vasari /$cLicia Ragghianti Collobi.
260   $aFirenze :$bVallecchi,$c1974.
300   $a2 v. :$bill. ;$c27 cm.
500   $aIncludes indexes.
504   $aBibliography: [v.1], p. 187-192.
505 0 $a[1]. Testo.--[2]. Tavole.
600 10$aVasari, Giorgio,$d1511-1574.
650  0$aDrawing, Italian.
650  0$aDrawing, Renaissance$zItaly.
988   $a20020608
906   $0DLC

