LEADER 00558cam a2200181I  4500
001 004000104-0
005 20020606095253.2
008 750910s1890    ohuaf         000 1 eng  
010   $a   08026639 
035 0 $aocm01616360
040   $aDLC$cDZM$dSER$dVPI$dHLS
050 0 $aPZ3.B289$bL
100 1 $aBarton, William Eleazar,$d1861-1930.
245 10$aLife in the hills of Kentucky,$cby W. E. Barton.
260   $aOberlin, O.,$bE. J. Goodrich,$c1890.
300   $a3 p. ℓ., [3]-295 p. incl. illus., plates.$bfront., plates.$c18 cm.
988   $a20020608
906   $0DLC

