LEADER 01129cam a2200277I  4500
001 004000105-9
005 20020606095253.2
008 750912s1830    enkaf         000 0 eng  
010   $a   29025242 
035 0 $aocm01619291
040   $aDLC$cDZM$dNYP$dHLS
043   $anw-----
050 0 $aF2131$b.B34
100 1 $aBayley, F. W. N.$q(Frederic William Naylor),$d1808-1853.
245 10$aFour years' residence in the West Indies.$cBy F. W. N. Bayley...
260   $aLondon,$bW. Kidd,$c1830.
300   $axiii p., 1 l., 693 p.$bfront., plates, fold, tab.$c24 cm.
500   $aPages 604-693 include the chronology and statistics of the individual islands of the British West Indies.
651  0$aWest Indies, British$xDescription and travel.
651  0$aWest Indies, British$xHistory$y17th century.
651  0$aWest Indies, British$xHistory$xChronology.
655  7$aChronology.$2fast
655  7$aHistory.$2fast
776 08$iOnline version:$aBayley, F.W.N. (Frederic William Naylor), 1808-1853.$tFour years' residence in the West Indies.$dLondon, W. Kidd, 1830$w(OCoLC)644971172
988   $a20020608
906   $0DLC

