LEADER 00939nam a2200217I  4500
001 004000107-5
005 20020606095253.2
008 750912s1901    enk           000 0 eng  
010   $a   02009268 /rev
035 0 $aocm01621536
040   $aDLC$cDZM$dHLS
050 0 $aHC255$b.B5
100 1 $aBeard, Charles Austin,$d1874-1948.
245 14$aThe industrial revolution, by Charles Beard;$bwith a preface by F. York Powell.
260   $aLondon,$bS. Sonnenschein & co., lim.,$c1901.
300   $axiii, [1], 105, [1] p.$c18 1/2 cm.
504   $aBibliography: p. [106].
505 0 $aEngland in 1760--Agriculture, manufacture, politics.--The mechanical revolution and its economic effects.--the breaking up of the old order.--Revolt against laisses faire and beginning or organization.--the industrial problem from the standpoint of mechanics and social needs.
651  0$aGreat Britain$xEconomic conditions.
988   $a20020608
906   $0DLC

