LEADER 01127nam a2200277I  4500
001 004000108-3
005 20090712174402.0
008 750912s1926    enk           000 0 eng  
010   $a   27021637 /rev
035 0 $aocm01621551
040   $aDLC$cDZM$dHLS
043   $ae-ie---
050 0 $aDA965$bB4
100 1 $aBéaslaí, P. S.$q(Piaras S.),$d1881-1965.
245 00$aMichael Collins and the making of a new Ireland,$cby Piaras Béaslai...
260   $aLondon [etc.]$bG. G. Harrap & co. ltd.$c[1926]
300   $a2 v.$bcl. fronts., plates., ports., facsims.$c23 cm.
651  0$aIreland$xHistory$y1910-1921.
600 10$aCollins, Michael,$d1890-1922.
650  0$aRevolutionaries$zIreland$vBiography.
651  0$aIreland$xHistory$yWar of Independence, 1919-1921$vBiography.
651  0$aIreland$xHistory$yCivil War, 1922-1923$vBiography.
651  0$aIreland$xHistory$y1910-1921$vBiography.
776 08$iOnline version:$aBéaslaí, P.S. (Piaras S.), 1881-1965.$tMichael Collins and the making of a new Ireland.$dLondon [etc.] G.G. Harrap & co. ltd. [1926]$w(OCoLC)609723758
988   $a20020608
906   $0DLC

