LEADER 01073cas a2200325   4500
001 004000109-1
005 20020606095253.2
008 750914d19681970nyumr1p       0   a0eng d
010   $asn 83005748 
016 7 $aA24585000$2DNLM
022 0 $a0065-9002
035 0 $aocm01623779
035 0 $aocm01623779$zocm02257358
040   $aMUL$cMUL$dNLM$dNSD$dSER$dNSD$dDLC$dOCL$dNSD$dHMS
042   $ansdp
060 0 $aW1 AM497K
082 10$a617$211
210 0 $aAm. j. orthop. surg.$b(N. Y. N. Y.)
222  4$aThe American journal of orthopedic surgery$b(New York, N.Y.)
245 04$aThe American journal of orthopedic surgery.
260   $aNew York,$bA.J.O.S. [etc.]
300   $a3 v.,$bill., ports.
310   $aMonthly
362 0 $av. 10-12, no 3; Jan. 1968-Feb. 1970.
500   $aOfficial organ of the Texas Orthopedic Association, 1968-69.
650  2$aOrthopedics$xperiodicals.
710 2 $aTexas Orthopedic Association.
780 00$tAmerican journal of orthopedics$x0891-7507$w(DLC)sc 86007081$w(OCoLC)1480169
988   $a20020608
906   $0OCLC

