LEADER 00996cam a2200265Ia 4500
001 004000110-5
005 20100617131321.0
008 750915s1924    mau           000 p eng  
010   $a   25005561 
035 0 $aocm01625614
040   $aDLC$cSUC$dSUC$dOCL$dHLS
050 00$aPS3503.E225$bC6 1924
100 1 $aBeebe, Lucius Morris,$d1902-1966.
245 10$aCorydon :$band other poems /$cby Lucius M. Beebe.
260   $aBoston :$bB. J. Brimmer Co.,$c1924.
300   $a64 p. ;$c24 cm.
500   $aIncludes epigraph by James Gould Cozzens on p. 49 ("The king is dead").
510 4 $aBruccoli, M.J.  Cozzens,$capp. 2
655  7$aAuthors' presentation copies (Provenance)$y20th century.$2rbprov$5hou
700 1 $aCozzens, James Gould,$d1903-1978.
700 1 $aBruccoli, Matthew J.$q(Matthew Joseph),$d1931-2008,$eformer owner.$5hou
700 1 $aCozzens, James Gould,$d1903-1978,$eformer owner.$5hou
752   $aUnited States$bMassachusetts$dBoston.
988   $a20020608
906   $0DLC

