LEADER 00671cam a2200205I  4500
001 004000111-3
005 20020606095253.2
008 750915s1935    xx            000 1 eng  
010   $a   35020112 
035 0 $aocm01626131
040   $aDLC$cDZM$dOCL$dHLS
050 0 $aPZ1.B387$bGof
100 1 $aBecker, May Lamberton,$d1873-1958.
245 10$aGolden tales of the far West,$cselected with an introduction by May Lamberton Becker; decorations by Lois Lenski.
260   $aNew York,$bDodd, Mead & company,$c1935.
300   $axiii, 304 p.$c20 cm.
500   $aHead-pieces.
500   $aIncludes brief biographical sketches of the authors.
988   $a20020608
906   $0DLC

