LEADER 00770cam a2200217Ia 4500
001 004000112-1
005 20020606095253.2
008 750915r18631863mau           000 0 eng  
010   $a   12008220 
035 0 $aocm01626135
040   $aDLC$cDZM$dWIH$dHLS
050 0 $aE458.3$b.B42
100 1 $aBeecher, Henry Ward,$d1813-1887.
245 10$aEngland and America :$bspeech of Henry Ward Beecher at the Free-trade Hall, Manchester, October 9, 1863.
260   $aBoston :$bJ. Redpath,$c1863.
300   $a39 p. ;$c18 cm.
500   $aReprinted from the Manchester "Examiner and times."
651  0$aUnited States$xHistory$yCivil War, 1861-1865.
651  0$aUnited States$xHistory$yCivil War, 1861-1865$xForeign public opinion, British.
988   $a20020608
906   $0DLC

