LEADER 00762nam a2200217I  4500
001 004000113-X
005 20140529121254.0
008 750915s1879    xx            000 1 eng  
010   $a   01006882 
035 0 $aocm01626212
040   $aDLC$cDZM$dHLS
043   $an-us-fl
050 0 $aF316$b.B39
100 1 $aBeecher, H. W.,$cMrs.,$d1813-1897.
245 10$aLetters from Florida.$cBy Mrs. H. W. Beecher ...
260   $aNew York,$bD. Appleton and company,$c1879.
300   $a85 p.$billus.$c18 cm.
651  0$aFlorida$xDescription and travel.
776 08$iOnline version:$aBeecher, Eunice White Bullard "Mrs. Henry Ward Beecher, ", 1813-1897.$tLetters from Florida.$dNew York, D. Appleton and company, 1879$w(OCoLC)609069963
988   $a20020608
906   $0DLC

