LEADER 00719nam a2200229I  4500
001 004000114-8
005 20020606095253.2
008 750915s1941    xx            000 0 eng  
010   $a   42016339 
035 0 $aocm01626245
040   $aDLC$cDZM$dHLS
050 0 $aSF427$b.B516
082   $a636.7
100 1 $aBecker, Bob,$d1890-
245 10$aHow to raise and train your puppy,$b... an authoritative guide to the selection, care and discipline of your puppy.$cby Bob Becker
260   $a[Garden City, N. Y.,$bThe Sun dial press,$c1941]
300   $acover-title, [72] p.$billus.$c35 cm.
500   $aText on p. [2] and [3] of cover.
650  0$aDogs.
650  0$aDogs$xTraining.
988   $a20020608
906   $0DLC

