LEADER 00926nam a2200253I  4500
001 004000115-6
005 20070901105619.0
008 750923s1950    xx f          000 0 eng  
010   $a   50004715 
035 0 $aocm01650440
040   $aDLC$cGUA$dHTV
050   $aN5335.C4$bA3
050   $aN5335.C4$bA3 1950
082   $a708.147
110 2 $aCentury Association (New York, N.Y.)
245 10$aGreek, Etruscan, and Roman antiquities;$ban exhibition from the collection of Walter Cummings Baker, Esq.$cheld at the Century Association, New York, May 17 to September 25, 1950. Arr. by René d'Harnoncourt. Catalogued by Dietrich von Bothmer.
260   $aNew York,$c1950.
300   $a14 p., 22 plates.$c26 cm.
650  0$aArt, Ancient$xExhibitions.
650  0$aArt, Ancient$xPrivate collections.
650  0$aClassical antiquities$xExhibitions.
700 1 $aBaker, Walter Cummings.
988   $a20020608
906   $0DLC

