LEADER 01117cam a2200241I  4500
001 004000116-4
005 20071015202555.0
008 750924s1895    enk           000 0 eng u
035 0 $aocm01653178
040   $cIXA$dOCL$dHTV
100 0 $aJames$bI,$cKing of England,$d1566-1625.
245 14$aThe essayes of a prentise, in the divine art of poesie.$bEdinburgh. 1585. A counterblaste to tobacco. London. 1604.
246 3 $aCounterblaste to tobacco.
260   $aLondon,$bA. Constable, 1895.
300   $a120 p.$c17 cm.
440  0$aEnglish reprints$v[no. 19]
500   $aWith reproduction of original t.-p.
500   $aCover title: A counterblaste to tobacco etc.
505 0 $aIntroduction.--Bibliography.--The essayes of a prentise: Recommendatory sonnets. Original poems by James VI. Translations by James VI. A short treatise, containing some rules and cautels to be observed and eshchewed in Scottish poesy. A table of some obscure words.--On the introduction and early use of tobacco in England.--A counterblast to tobacco.
650  0$aTobacco use.
650  0$aPoetry.
988   $a20020608
906   $0MH

