LEADER 01120cam a2200265I  4500
001 004000117-2
005 20020606095253.2
008 750925s1933    inucf    b    001 0beng  
010   $a   33003452 
035 0 $aocm01654005
040   $aDLC$cYWM$dSER$dOCL$dHLS
050 0 $aE457$b.B317
082   $a923.173
100 1 $aBarton, William Eleazar,$d1861-1930.
245 00$aPresident Lincoln,$cby William E. Barton; with preface and the last three chapters by William H. Townsend ...
260   $aIndianapolis,$bThe Bobbs-Merrill Company$c[c1933]
300   $a2 v.$bfronts., plates, ports.$c24 cm.
500   $aPaged continuously.
504   $aBibliography, v. 2, p. 739-747.
600 10$aLincoln, Abraham,$d1809-1865.
700 1 $aTownsend, William H.$q(William Henry),$d1890-1964.
776 08$iOnline version:$aBarton, William Eleazar, 1861-1930.$tPresident Lincoln.$dIndianapolis, Bobbs-Merrill Co. [©1933]$w(OCoLC)567916358
776 08$iOnline version:$aBarton, William Eleazar, 1861-1930.$tPresident Lincoln.$dIndianapolis, Bobbs-Merrill Co. [©1933]$w(OCoLC)592292247
988   $a20020608
906   $0DLC

