LEADER 01042cam a2200241I  4500
001 004000118-0
005 20020606095253.2
008 750925s1881    ohucf         000 0 eng  
010   $arc 00002188 
035 0 $aocm01654467
035 0 $aocm01654467$zocm00566752
040   $aDLC$cFBA$dOCL$dFIN$dHLS
043   $an-us-oh
050   $aF497.H3$bB3
100 1 $aBeardsley, D. B.$q(Daniel Barna)
245 00$aHistory of Hancock county [Ohio] from its earliest settlement to the present time.$bTogether with remeiniscenses of pioneer life, incidents, statistical tables, and biographical sketches.$cBy D.B. Beardsley.
260   $aSpringfiel,O.,$bRepublic printing company,$c1881.
300   $a472 p.$bfront. (port.)$c23 cm.
651  0$aHancock County (Ohio)$xHistory.
655  7$aHistory.$2fast
776 08$iOnline version:$aBeardsley, D.B. (Daniel Barna).$tHistory of Hancock county [Ohio] from its earliest settlement to the present time.$dSpringfiel, O., Republic Print. Co., 1881$w(OCoLC)663423904
988   $a20020608
906   $0DLC

