LEADER 00866cam a2200289I  4500
001 004000119-9
005 20070901105619.0
008 750925s1947    nyua     b    000 0 eng  
010   $a   47012247 
035 0 $aocm01654913
040   $aDLC$cBNG$dSER$dHTV
041 1 $aeng$hund
050 0 $aNK3810$b.R3
050 0 $aNK3810$b.R3 1947
082   $a738.3
100 1 $aRaphael, Max,$d1889-1952.
245 10$aPrehistoric pottery and civilization in Egypt;$ctranslation by Norbert Guterman.
260   $a[New York]$bPantheon Books$c[1947]
300   $a160 p.$billus.$c32 cm.
440  4$aThe Bollingen series,$v8
504   $aBibliographical references in "Notes" (p. 157-160)
650  0$aPottery$zEgypt.
651  0$aEgypt$xCivilization.
651  0$aEgypt$xAntiquities.
700 1 $aGuterman, Norbert,$d1900-1984.
988   $a20020608
906   $0DLC

