LEADER 00552nam a2200193I  4500
001 004000120-2
005 20020606095253.2
008 750926s1969    gw ac         000 0 ger  
010   $a   74885559 
035 0 $aocm01658510
040   $aDLC$cYSM$dYSM$dHLS
050 0 $aLB627$b.B37
100 1 $aBauer, Walter,$d1904-
245 14$aDie Kinder und die Armen.$bLebensgeschichte Pestalozzis.
260   $aWeinheim,$bBeltz$c[1969]
300   $a283 p.$billus., port.$c22 cm.
600 10$aPestalozzi, Johann Heinrich,$d1746-1827.
988   $a20020608
906   $0DLC

