LEADER 00917nam a2200217I  4500
001 004000121-0
005 20020606095253.2
008 750929m18219999enka     b    000 0 eng d
035 0 $aocm01660982
040   $aUniv. of Cin.$cCIN$dHLS
050  4$aDA687.T7$bB3 1821
090   $aDA687.T7$bB3 1821
100 1 $aBayley, John,$d-1869.
245 14$aThe history and antiquities of the Tower of London,$bwith biographical anecdotes of royal and distinguished persons, deduced from records, state-papers, and manuscripts, and from other original and authentic sources.
260   $aLondon,$bPrinted for T. Cadell,$c1821-
300   $av.$billus.$c31 cm.
610 20$aTower of London (London, England)
610 20$aTower of London.
776 08$iOnline version:$aBayley, John, -1869.$tHistory and antiquities of the Tower of London.$dLondon, Printed for T. Cadell, 1821-$w(OCoLC)761345168
988   $a20020608
906   $0OCLC

