LEADER 00485nam a2200169I  4500
001 004000122-9
005 20070901105620.0
008 750930s1874    enk           000 0 eng u
035 0 $aocm01664340
040   $cNHM$dHTV
100 1 $aPlon, Eugène,$d1836-1895.
245 00$aThorvaldsen: his life and works.$cTranslated by Mrs.Cashel Hoey.
260   $aLondon,$bR.Bentley,$c1874.
300   $aix,295p.$billus.$c30cm.
600 10$aThorvaldsen, Bertel,$d1770-1844.
988   $a20020608
906   $0MH

