LEADER 00614nam a2200229I  4500
001 004000123-7
005 20070901105620.0
008 751001s1947    it            000 0 ita u
010   $a   49015107 
035 0 $aocm01667092
040   $cDLM$dHTV
050 0 $aNC703$b.G7
050 0 $aNC703$b.G7 1947
082   $a740.9
100 1 $aGrassi, Luigi,$d1913-
245 10$aStoria del disegno,$bsvolgimento del pensiero critico e un catalogo.
260   $aRoma,$bG. Bardi,$c1947.
300   $a375 p.$b84 plates$c23 cm.
504   $a"Bibliografia": p. [325]-358.
650  0$aDesign.
988   $a20020608
906   $0MH

