LEADER 00987nam a2200265I  4500
001 004000124-5
005 20090712174402.0
008 751001s1946    vp            000 0 eng  
010   $a   46004601 
035 0 $aocm01667710
040   $aDLC$cDZM$dHLS
050 0 $aUB356$bB3
082   $a355.115
100 1 $aBaruch, Dorothy Walter,$d1899-1962.
245 10$aYou're out of the service now;$bthe veteran's guide to civilian life,$cby Dorothy W. Baruch and Lee Edward Travis.
260   $aNew York and London,$bD. Appleton-Century company, inc.$c[1946]
300   $aix, 238 p.$c20 cm.
650  0$aMental health.
650  0$aVeterans.
650  0$aPsychology, Applied.
700 1 $aTravis, Lee Edward,$d1896-$ejoint author.
700 1 $aTravis, Lee Edward,$d1896-$eauthor.
776 08$iOnline version:$aBaruch, Dorothy Walter, 1899-1962.$tYou're out of the service now.$dNew York and London, D. Appleton-Century Co. [1946]$w(OCoLC)630144752
988   $a20020608
906   $0DLC

