LEADER 00793cam a2200217I  4500
001 004000125-3
005 20050711100923.0
008 751002s1927    gw            000 0 eng u
035 0 $aocm01670001
040   $cHVC$dOCL$dHLS
050  4$aPA83$b.B42 1927
100 1 $aBebermeyer, Gustav,$d1890-
245 00$aTübinger Dichterhumanisten: Bebel, Frischlin, Flayder...
260   $aTübingen,$bH. Laupp,$c1927.
600 10$aBebel, Heinrich,$d1472-1518.
600 10$aFrischlin, Nicodemus,$d1547-1590.
600 10$aFlayder, Friedrich Hermann,$d1596-1640.
600 10$aFrischlin, Nikodemus,$d1547-1590.
776 08$iOnline version:$aBebermeyer, Gustav, b. 1890.$tTübinger Dichterhumanisten: Bebel, Frischlin, Flayder.$dTübingen, H. Laupp, 1927$w(OCoLC)692146561
988   $a20020608
906   $0MH

