LEADER 00857cam a2200253I  4500
001 004000126-1
005 20020606095253.2
008 751009s1930    fr       b    000 0 fre  
010   $a   31008143 
035 0 $aocm01689875
040   $aDLC$cFUG$dSER$dHLS
043   $anwht---$an-us---
050 0 $aHJ858$b.B4
082   $a336.7294
100 1 $aBeauvoir, Vilfort.
245 13$aLe contrôle financier du gouvernement des États-Unis d'Amérique sur la république d'Haïti,$cpar Vilfort Beauvoir ... préface de m. Marc Réglade ...
260   $aParis,$bRecueil Sirey,$c1930.
300   $a1 p. ℓ., [v]-xi, 268 p., 1 ℓ.$c26 cm.
504   $a"Bibliographie": p. [251]-253.
650  0$aFinance$zHaiti.
651  0$aHaiti$xForeign relations$zUnited States.
651  0$aUnited States$xForeign relations$zHaiti.
988   $a20020608
906   $0DLC

