LEADER 00675nam a2200241I  4500
001 004000127-X
005 20041220141630.0
008 751013c19421940gw b     b    000 0 ger  
010   $a   45034742 
035 0 $aocm01699361
040   $aDLC$cCIN$dCIN$dHLS
050   $aDA963$b.B36 1942
082   $a914.15
100 1 $aBauer, Robert,$d1904-
245 00$aIrland, Éire,$cvon Robert Bauer.
250   $a2., durchgesehene und erw. Aufl.
260   $aBerlin,$bJunker und Dünnhaupt,$c1942 [c1940]
300   $a98 p. 2 maps,$c23 cm.
490 0 $aKleine Auslandskunde ;$vBd. 7.
504   $aIncludes bibliographies.
651  0$aIreland.
988   $a20020608
906   $0DLC

