LEADER 00705cam a2200229I  4500
001 004000128-8
005 20020606095253.2
008 751015s1946    nyuc          000 0ceng  
010   $a   46007843 
035 0 $aocm01703726
040   $aDLC$cJPL$dSER$dHLS
050 0 $aE176.1$b.B35 1946
082   $a923.173
100 1 $aBeard, Charles Austin,$d1874-1948.
245 14$aThe presidents in American history,$cby Charles A. Beard.
260   $aNew York,$bJ. Messner, inc.$c[1946]
300   $avi p., 1 ℓ., 212 p. incl. ports.$c22 cm.
500   $a"Revised edition."
500   $a"Biographical digest": p. [157]-212.
650  0$aPresidents$zUnited States$vBiography.
988   $a20020608
906   $0DLC

