LEADER 00960nam a2200241I  4500
001 004000129-6
005 20020606095253.2
008 751015s1946    inua   j      000 0beng d
035 0 $aocm01705174
040   $aJPL$cJPL$dHLS
050 14$aPZ7.B3806$bMe2
050 14$aJ921
100 1 $aBebenroth, Charlotta M.,$d1890-
245 00$aMeriwether Lewis, boy explorer;$cillustrated by Edward Caswell.
260   $aIndianapolis,$bBobbs-Merrill company$c[c1946]
300   $a182 p.$billus.
440  0$aChildhood of famous Americans series
520   $aA childhood spent roaming the woods at night and in all weather, caring for lost animals, and running his mother's plantation prepared Meriwether Lewis for leadership of the expedition across the Louisiana Territory.
600 10$aLewis, Meriwether,$d1774-1809.
600 10$aLewis, Meriwether,$d1774-1809$vJuvenile literature.
700 1 $aCaswell, Edward C.,$eillustrator.
988   $a20020608
906   $0OCLC

