LEADER 00558nas a2200181M  4500
001 004000131-8
005 20020606095253.2
008 751019d19381940uy uu         0    0spa u
016 7 $aSR0014350$2DNLM
035 0 $aocm01716257
040   $cMUL$dHMS
110 2 $aUniversidad de la República (Uruguay).$bFacultad de Medicina
245 00$aAnales de la Clínica Médica "C".
260   $aMontevideo.
500   $aContinued by the Faculty's Anales de la Clínica Médica "A" with vol. 4, 1941/1945.
650  2$aMedicine$xperiodicals.
988   $a20020608
906   $0MH

