LEADER 00933cas a2200277   4500
001 004000132-6
005 00000000000000.0
008 751019d19491964enkar p       0   a0eng  
010   $a   50018418 
035 0 $aocm01716845
035 0 $aocm01716845$zocm05810578
040   $aDLC$cMUL$dUCU$dOCL$dDLC$dHBS
050 0 $aHE1009$b.O88
082   $a385.058
245 00$aOverseas railways.
260   $a[London],$c1949-1964.
300   $a16 v.$bill., maps$c30 cm.
500   $a"A Railway gazette publication."
580   $aContinues Overseas railways numbers issued 1934-1948 as supplements of Railway gazette.
650  0$aRailroads$vPeriodicals.
650  0$aRailroads$zGreat Britain$xColonies.
730 0 $aRailway gazette (London)
780 00$aRailway gazette.$tOverseas railways number$g1934-39
785 00$tInternational railway progress$x0074-7572$w(DLC)  92643049$w(OCoLC)1606848
988   $a20020608
906   $0DLC

