LEADER 00809nam a2200217   4500
001 004000133-4
005 20090712174402.0
008 751020s1903    vp a          000 0 eng  
010   $a   04002620 
035 0 $aocm01718330
040   $aDLC$cFQG$dHLS
050 0 $aTF855$b.B38
100 1 $aBeavan, Arthur H.$q(Arthur Henry),$d1844-1907.
245 10$aTube, train, tram, and car;$bor Up-to-date locomotion.$cby Arthur H. Beavan...With many illustrations and an introduction by Llewellyn Preece, M. I. E. E.
260   $aLondon,$bG. Routledge & sons, ltd.:$aNew York,$bE. P. Dutton & co.,$c1903.
300   $axviii, 291 p, [1] p.$bincl. front., illus.$c22 cm.
650  0$aElectric automobiles.
650  0$aElectric railroads.
650  0$aStreet-railroads$zEngland$zLondon.
988   $a20020608
906   $0DLC

