LEADER 00741nam a2200205I  4500
001 004000134-2
005 20020606095253.2
008 751021s1962    fr            000 0 fre u
035 0 $aocm01721043
040   $cFTU$dHLS
090   $aDP257$b.B383
100 1 $aBécarud, Jean.
245 13$aLa deuxieme republique espagnole, 1931-1936;$bessai d'interpretation.
260   $aParis,$bFondation Nationale des Sciences politiques, Centre d'Étude des Relations Internationales,$c1962.
300   $a81 p.$bmaps.$c27 cm.
410 20$aCentre d'étude des relations internationales (France).$tPublications.$vSerle C: Recherches, no. 7.
504   $aBibliography.
651  0$aSpain$xPolitics and government$y1931-1939.
988   $a20020608
906   $0MH

