LEADER 01345cam a2200373I  4500
001 004000135-0
005 20131106093835.0
008 751021s1923    enk      b    000 0 eng  
010   $a   24000541 //r
035 0 $aocm01721650
040   $aDLC$cFTU$dOCL$dHTV
041 1 $aengchi
043   $aa------
050   $aDS6$b.F35 1923
100 0 $aFaxian,$dapproximately 337-approximately 422.
240 10$aFo guo ji.$lEnglish
245 14$aThe travels of Fa-hsien (399-414 A.D.),$bor Record of the Buddhistic kingdoms,$cretranslated by H. A. Giles.
246 30$aTravels of Faxian (399-414 A.D.)
246 30$aRecord of the Buddhistic kingdoms.
260   $aCambridge [Eng.]$bUniversity Press,$c1923.
300   $axvi, 96 p.$bfront.$c18 cm.
504   $a"Bibliographic note": p. xiii-xiv.
650  0$aBuddhism.
651  0$aAsia$xDescription and travel.
651  0$aAsia$xDescription and travel$vEarly works to 1800.
650  0$aBuddhism$vEarly works to 1800.
650  0$aBuddhist pilgrims and pilgrimages$zIndia$vEarly works to 1800.
655  7$aEarly works.$2fast
700 1 $aGiles, Herbert Allen,$d1845-1935,$etr.
700 1 $aEmpson, William,$d1906-1984,$eformer owner.$5hou
752   $aEngland$dCambridge.
700 1 $aGiles, Herbert Allen,$d1845-1935,$etranslator.
988   $a20020608
906   $0DLC

