LEADER 00693cam a2200217I  4500
001 004000136-9
005 20020606095253.2
008 751022s1945    ag            000 0 spa  
010   $a   47005516 
035 0 $aocm01723312
040   $aDLC$cFQG$dOCL$dHLS
050 0 $aZ1611$b.B4
082   $a015.82
100 1 $aBecu, Teodoro,$d1890-1946.
245 13$aLa bibliografia de la República Argentina.
260   $aBuenos Aires:$bComité Argentino de Bibliotecarios de Instituciones Cientificas y Técnicas,$c1945.
300   $a34 p.;$c23 cm.
490 0 $aContribuciones al conocimiento de la bibliotecologia,$v2
650  0$aBibliography, National$zArgentina.
988   $a20020608
906   $0DLC

