LEADER 00761cam a2200205I  4500
001 004000137-7
005 20100527115340.0
008 751022s1866    nyuc          000 0 eng  
010   $a   02014977 
035 0 $aocm01726117
040   $aDLC$cORL$dOCL$dHLS
050 0 $aE523.5.114th
100 1 $aBeecher, Harris H.
245 10$aRecord of the 114th regiment, N. Y. S. V.$bWhere it went, what it saw, and what it did...$cBy Dr. Harris H. Beecher...
260   $aNorwich, N. Y.,$bJ. F. Hubbard, jr.,$c1866.
300   $a2 p. l., x, [11]-582 p.$bfront., port.$c20 cm.
610 20$aNew York infantry.$b114th regt., 1862-1865.
651  0$aUnited States$xHistory$yCivil War, 1861-1865$xRegimental histories$xNew York Infantry$x114th.
988   $a20020608
906   $0DLC

