LEADER 00915nam a2200277I  4500
001 004000138-5
005 20071015202555.0
008 751023s1928    enk           000 0 eng d
010   $a   29001313 
035 0 $aocm14732855
035 0 $aocm01726916
040   $aYUS$cYUS$dHTV
100 1 $aFreud, Sigmund,$d1856-1939.
240 10$aZukunft einer Illusion.$lEnglish
245 14$aThe future of an illusion,$c[by] Sigmund Freud. Translated by W. D. Robson-Scott.
260   $aLondon,$bL. & Virginia Woolf at the Hogarth press and the Institute of psycho-analysis,$c1928.
300   $av, 7-98 p.$c24 cm.
440  4$aThe international psycho-analytical library,$vno. 15
650  0$aPsychology, Religious.
650  0$aReligion.
650  0$aPsychoanalysis.
650  2$aReligion.
650  2$aPsychoanalysis.
700 1 $aRobson-Scott, W. D.$q(William Douglas),$etr.
988   $a20020608
906   $0OCLC

