LEADER 00821cam a2200253Ia 4500
001 004000139-3
005 20020606095253.2
008 751028s1929    uy            001 0 spa d
010   $a   25020526 
035 0 $aocm01741559
035 0 $aocm01741559$zocm14246812
040   $aDLC$cNAM$dOCL$dBNG$dHLS$dHMM
050 0 $aF2723$b.B353
100 1 $aBauzá, Francisco,$d1849-1899.
245 10$aHistoria de la dominación española en el Uruguay /$cFrancisco Bauza.
250   $a3. ed.
260   $aMontevideo :$b"El Democrata",$c1929.
300   $a3 v. ;$c26 cm.
500   $a"Documentos de prueba": v. 3, p. [317]-450.
651  0$aUruguay$xHistory$yTo 1810.
651  0$aUruguay$xHistory$y1810-1830.
830  0$aHarvard anthropology preservation microfilm project ;$v00125.$5mmf
988   $a20020608
906   $0DLC

