LEADER 01123cam a2200241Ia 4500
001 004000140-7
005 20070618204932.0
008 751029s1874    nyu           000 0 eng  
010   $a   01014261 
035 0 $aocm01745511
040   $aDLC$cORL$dMHS$dHLS
043   $an-us-ny
050 0 $aF127.S9$bB3
100 1 $aBayles, Richard M.$q(Richard Mather)
245 10$aHistorical and descriptive sketches of Suffolk County and its towns, villages, hamlets, scenery, institutions, and important enterprises :$bwith a historical outline of Long Island, from its first settlement by Europeans /$cby Richard M. Bayles.
260   $aPort Jefferson, L.I. :$bThe Author,$c1874.
300   $a424, ix p. ;$c19 cm.
651  0$aSuffolk County (N.Y.)$xHistory.
651  0$aLong Island (N.Y.)$xHistory.
655  7$aHistory.$2fast
776 08$iOnline version:$aBayles, Richard M. (Richard Mather)$tHistorical and descriptive sketches of Suffolk County and its towns, villages, hamlets, scenery, institutions, and important enterprises.$dPort Jefferson, L.I. : The Author, 1874$w(OCoLC)903988983
988   $a20020608
906   $0DLC

