LEADER 00648nam a2200229I  4500
001 004000141-5
005 20070901105620.0
008 751031s1958    enka          000 0 eng  
010   $a   58042594 
015   $aGB58-8305
035 0 $aocm01748395
040   $aDLC$cJPL$dUKM$dHTV
050 0 $aNA1501$b.C3 1958
082   $a720.954
100 1 $aCameron, Roderick William,$d1913-
245 10$aShadows from India;$ban architectural album.$cPref. by Peter Quennell.
260   $aLondon,$bHeinemann$c[1958]
300   $a213 p.$billus.$c29 cm.
500   $aHenry Clifford Bequest.
650  0$aArchitecture$zIndia.
988   $a20020608
906   $0DLC

