LEADER 00565nas a22001937  4500
001 004000142-3
005 00000000000000.0
008 751101d19361937cc uu p       0    0eng u
010   $a   49056874 
035 0 $aocm01763250
040   $cMUL$dHBS
245 00$aQuarterly review of Chinese railways.
260   $aNanking,$bInstitute of Railway Economics.
500   $aPublished July 1936-July 1937.
500   $aInstitute of Railway Economics, Nanking.
650  0$aRailroads$zChina.
710 2 $aInstitute of Railway Economics, Nanking.
988   $a20020608
906   $0MH

