LEADER 01080cas a22002777  4500
001 004000143-1
005 20030428123231.0
008 751101c19509999txuuu        o0    1eng u
022   $a0081-8348
035 0 $aocm01767329
040   $cMUL$dHBS
110 2 $aUniversity of Texas.$bBureau of Business Research.
245 10$aStudies in personnel and management.
260   $aAustin, Texas,$bBureau of Business Research, College of Business Administration, The University of  Texas.
500   $aTitle varies: no. 1-15, Personnel study.
500   $aStudies in personnel and management.
500   $aTexas. University. Bureau of Business Research. Personnel study.
650  0$aPersonnel management$y1930-1949.
650  0$aPersonnel management$y1950-1959.
650  0$aPersonnel management$y1960-
650  0$aJob analysis.
730 0 $aPersonnel study (University of Texas. Bureau of Business Research)
710 2 $aUniversity of Texas.$bBureau of Business Research.$tPersonnel and management series.
730 0 $aPersonnel studies.
988   $a20020608
906   $0MH

