LEADER 01026cas a2200277   4500
001 004000144-X
005 00000000000000.0
008 751101d193619uuenkar        f0    1eng d
010   $a   50032545 
035 0 $aocm01771285
040   $aMUL$cMUL$dUCU$dHBS
110 2 $aCommonwealth Economic Committee.
245 10$aWorld consumption of wool.
260   $aLondon,$bH. M. Stationery Office.
300   $av.$c33 cm.
362 0 $a1936-  .
515   $aPublication suspended 1939-1948.
550   $aPrepared by the Intelligence Branch of the Committee under its former name: Imperial Economic Committee.
580   $aIssued 1936-1954 as Supplement to its Wool intelligence notes.
650  0$aWool industry$zCommonwealth countries.
650  0$aWool industry.
710 2 $aCommonwealth Economic Committee.$tWool intelligence notes.$pSupplement.
772 1 $tWool intelligence notes$g1936-1954
785 00$aCommonwealth Economic Committee.$tWorld trade in wool and wool textiles
988   $a20020608
906   $0OCLC

