LEADER 01474cas a2200385   4500
001 004000145-8
005 20020606095253.2
008 751101d19381947moumr1p       0   a0eng u
010   $asf 82007011 
016 7 $aA24580000$2DNLM
022 0 $a0096-6347
030   $aAJOOA7
035 0 $aocm01777837
035 0 $aocm01777837$zocm05213196$zocm05223752$zocm05223570
040   $cMUL$dNSD$dDLC$dSER$dOCL$dNST$dNSD$dHMS
042   $ansdp$alc
050 00$aRK1$b.A615
060 0 $aW1 AM497I
210 0 $aAm. j. orthod. oral surg.
222  0$aAmerican journal of orthodontics and oral surgery
245 00$aAmerican journal of orthodontics and oral surgery.
260   $a[St. Louis,$bC. V. Mosby Co.]
300   $a10 v.$bill., ports.$c26 cm.
310   $aMonthly
515   $aVols. for 27-33 issued in 2 sections: Orthodontics, and: Oral surgery.
580   $aIts oral surgery section superseded by: Oral surgery, oral medicine, oral pathology, ISSN 0030-4220.
580   $aContinued in part by: American journal of orthodontics, ISSN 0002-9416.
650  0$aOrthodontics$vPeriodicals.
650  2$aOrthodontics$xperiodicals.
650  2$aSurgery, Oral$xperiodicals.
780 00$tInternational journal of orthodontia and oral surgery (St. Louis : 1936)$x1072-3498$w(DLC)sn 93004375
785 11$tAmerican journal of orthodontics$x0002-9416
785 13$tOral surgery, oral medicine, oral pathology$x0030-4220
988   $a20020608
906   $0MH

