LEADER 00434nas a2200169M  4500
001 004000146-6
005 20020606095253.2
008 751101c19149999ag uu         0    0spa u
016 7 $aA28770000$2DNLM
035 0 $aocm01778035
040   $cMUL$dHMS
110 2 $aInstituto Modelo de Clínica Médica, Buenos Aires.
210 0 $aAn Inst Modelo Clin Med Luis Agote
245 00$aAnales.
260   $aBuenos Aires.
988   $a20020608
906   $0MH

