LEADER 01391cas a2200397   4500
001 004000147-4
005 20090720130004.0
008 751101d19551959mdumr1p       0   a0eng  
010   $asf 82003054 $zsn 80012644 
016 7 $aA25775000$2DNLM
022 0 $a0096-039X
035 0 $aocm01778543
040   $aDLC$cMUL$dNSD$dDLC$dSER$dIUL$dNST$dNSD$dHMS
042   $alc$ansdp
050 00$aRC306$b.A5
060 0 $aW1 AM7503
082   $a616.2/005
210 0 $aAm. rev. tuberc. pulm. dis.
222  0$aAmerican review of tuberculosis and pulmonary diseases
245 04$aThe American review of tuberculosis and pulmonary diseases.
260   $aBaltimore,$bNational Tuberculosis Association.
300   $a9 v.$bill.$c26 cm.
310   $aMonthly
362 0 $av. 71-79; 1955-June 1959.
520   $aIncludes section, Abstracts of tuberculosis.
550   $aOfficial journal of the American Trudeau Society.
650  0$aTuberculosis$vPeriodicals.
650  0$aRespiratory organs$xDiseases$vPeriodicals.
650  2$aTuberculosis$xperiodicals.
650  2$aLung Diseases$xperiodicals.
710 2 $aNational Tuberculosis Association.
710 2 $aAmerican Trudeau Society.
780 00$tAmerican review of tuberculosis$x0096-0381$w(OCoLC)1680724
785 00$tAmerican review of respiratory disease$x0003-0805$w(OCoLC)1480677
988   $a20020608
906   $0DLC

