LEADER 00350cas a2200145M  4500
001 004000148-2
005 20020606095253.2
008 751101d19391947ag uu         0    0spa d
016 7 $aSR0000325$2DNLM
035 0 $aocm01778555
040   $aMUL$cMUL$dOCL$dHMS
245 00$aAnales argentinos de oftalmología.
260   $aRosario.
988   $a20020608
906   $0OCLC

