LEADER 00553nas a2200181M  4500
001 004000149-0
005 20020606095253.2
008 751101c19419999uy uu         0    0spa u
016 7 $aSR0014350$2DNLM
035 0 $aocm01778805
040   $cMUL$dHMS
110 2 $aUniversidad de la República (Uruguay).$bFacultad de Medicina
245 00$aAnales de la Clínica Médica "A".
260   $aMontevideo.
500   $aContinues the Faculty's Anales de la Clinica Medica "C" with vol. 4, 1941/1945.
650  2$aMedicine$xperiodicals.
988   $a20020608
906   $0MH

