LEADER 01503cas a2200409 a 4500
001 004000150-4
005 20020606095253.2
008 751101d1963197ugw  xzm       0   a0mul d
010   $asf 86001002 $zsn 79004884 
016 7 $aA26685000$2DNLM
022   $a0066-1341
030   $aANWIAN
035 0 $aocm01780757
040   $aMUL$cMUL$dNLM$dNSD$dSER$dDLC$dNST$dHMS
041 0 $agereng
042   $ansdp$alc
050 00$aUNC
060 0 $aW1 AN104E
210   $aAnaesthesiol. resusc.
222  0$aAnaesthesiology and resuscitation
245 00$aAnaesthesiologie und Wiederbelebung.
246 11$aAnaesthesiology and resuscitation$f<1969->
246 11$aAnesthésiologie et réanimation$f<1969->
260   $aBerlin ;$aNew York :$bSpringer-Verlag,
300   $av. :$bill.
362 1 $aBegan with: 1, published in 1963.
500   $aDescription based on: 38, published in 1969.
510 0 $aBiological abstracts$x0006-3169
510 0 $aChemical abstracts$x0009-2258
546   $aParallel titles in English and French; articles mainly in German with some in English.
580   $aSome numbers issued also as numbers of Schriften des Deutschen Krankenhausinstituts.
650  2$aAnesthesiology$xperiodicals.
650  2$aResuscitation$xperiodicals.
785 00$tAnästhesiologie und Intensivmedizin$x0171-1814$w(DLC)sf 80000980$w(OCoLC)4558909
787 1 $tSchriften des Deutschen Krankenhausinstituts$x0340-5931$w(OCoLC)1901199
988   $a20020608
906   $0OCLC

