LEADER 00480cas a2200181M  4500
001 004000151-2
005 20020606095253.2
008 751101d18301831nyuuu p       0    1eng u
016 7 $aSR0009174$2DNLM
035 0 $aocm01781763
040   $cMUL$dNLM$dHMS
245 00$aAmerican lancet.
260   $aNew York.
500   $aTitle varies: Jan.-June 1830, New York medical inquirer.
500   $aNew York medical inquirer.
650  2$aMedicine$xperiodicals.
988   $a20020608
906   $0MH

