LEADER 00650nam a2200205Ii 4500
001 004000152-0
005 20020606095253.2
008 751104s1844    gw            000 0 ger d
035 0 $aocm01806506
040   $aDGW$cDGW$dHVL
090   $aDG83.3$b.M65
100 1 $aMommsen, Theodor,$d1817-1903.
245 14$aDie römischen Tribus in administrativer Beziehung /$cvon Theodor Mommsen.
260   $aAltona :$bJ. F. Hammerich,$c1844.
300   $ax, 232 p. ;$c22 cm.
504   $aIncludes bibliographical references.
651  0$aRome$xAdministrative and political divisions.
651  0$aRome$xPolitics and government.
988   $a20020608
906   $0OCLC

