LEADER 00548cam a2200193I  4500
001 004000153-9
005 20020606095253.2
008 751110s1910    gauc          000 0 eng  
010   $a   10005674 
035 0 $aocm01820288
040   $aDLC$cGUA$dGUA$dHLS
090   $aPS3503.E2150$bC7
100 1 $aBeazley, Charles Howell,$d1870-
245 10$aCrackerlings and caramels$c[by] C. H. Beazley.
260   $aAtlanta,$bFoote & Davies$c[c1910]
300   $a193, [1] p.$bport.$c18 cm.
500   $aPoems and short sketches.
988   $a20020608
906   $0DLC

