LEADER 00908cas a2200301   4500
001 004000154-7
005 20020606095253.2
008 751110d19351969nyumr1p       0   a0eng d
010   $a   43039776 
016 7 $aA25665000$2DNLM
022   $a0096-0349
035 0 $aocm01820560
040   $aNSD$cNSD$dOCL$dDLC$dNSD$dOCL$dSER$dNST$dHMS
042   $ansdp$alc
050 00$aRS1$b.A596
060 0 $aW1 AM72
082   $a615.05
222  0$aAmerican professional pharmacist
245 00$aAmerican Professional pharmacist.
260   $a[Port Washington, N.Y., etc.,$bAmerican Professional Pharmacist, inc.]
300   $a35 v.$bill.$c24 cm.
362 0 $av. 1-35; Apr. 1935-Sept. 1969.
650  0$aPharmacy$vPeriodicals.
650  2$aPharmacology$xperiodicals.
780 02$tPractical druggist and spatula$w(OCoLC)2266408
785 00$tPharmacy times$x0003-0627
988   $a20020608
906   $0OCLC

