LEADER 00939nam a2200277I  4500
001 004000155-5
005 20020606095253.2
008 751110s1793    enk           000 0 eng  
010   $a   32020574 
035 0 $aocm01822265
040   $aDLC$cFUB$dHVL
041 1 $afreeng
050  4$aJC179$b.M74
100 1 $aMontesquieu, Charles de Secondat,$cbaron de,$d1689-1755.
245 14$aThe spirit of laws.$bTranslated from the French of M. de Secondat, baron de Montesquieu.$cBy Thomas Nuugent.
250   $a6th ed., carefully rev. and improved from the last Paris ed. of the author.
260   $aLondon, F. Wingrave [etc.]$cM.DCC.XCIII.
300   $axliv, 513, [25] p.$c22cm.
650  0$aPolitical science.
650  0$aState, The.
650  0$aLaw$xPhilosophy.
650  0$aJurisprudence.
700 1 $aNugent, Thomas,$d1700?-1772,$etr.
700 1 $aNugent, Thomas,$d1700?-1772,$etranslator.
988   $a20020608
906   $0DLC

