LEADER 01085nam a2200253I  4500
001 004000156-3
005 20020606095253.2
008 751112s1960    vp       b    000 0 eng  
010   $a   61004230 /L
035 0 $aocm01827325
040   $aDLC$cFUB$dHLS
050 00$aKDZ642.S25$bA3 1960
050 14$aHE630.S2$bB39
082   $a386.2097
100 1 $aBaxter, Richard,$d1921-1980.
245 10$aDocuments on the St. Lawrence Seaway;$ba selection of documents.$cPublished under the auspices of the British Institute of International and Comparative Law.
260   $aLondon,$bStevens;$aNew York,$bPraeger,$c1960.
300   $a85 p.$c25cm.
504   $aIncludes bibliographical references.
651  0$aSaint Lawrence Seaway.
776 08$iOnline version:$aBaxter, Richard, 1921-1980.$tDocuments on the St. Lawrence Seaway.$dLondon : Stevens ; New York : Praeger, 1960$w(OCoLC)596824367
776 08$iOnline version:$aBaxter, Richard, 1921-1980.$tDocuments on the St. Lawrence Seaway.$dLondon : Stevens ; New York : Praeger, 1960$w(OCoLC)606369429
988   $a20020608
906   $0DLC

