LEADER 01036nam a2200277I  4500
001 004000157-1
005 20071015202556.0
008 751117s1970    pauaf         001 0bita d
035 0 $aocm01838328
040   $aYSM$cYSM$dHTV
043   $ae-it---
050  4$aNA7595.E4$bB6
100 1 $aBordignon Favero, Giampaolo.
245 13$aLa villa Emo di Fanzolo.
250   $a[1. ed.]
260   $aVicenza,$bCentro Inernationale di Studi Architettura "Andrea Palladio",$c1970.
300   $a65 p., 121 plates, [13] scale drawings.$c35 cm.
490 1 $aCorpus palladianum,$vv.5
504   $aBibliography: p. [54]-56.
610 20$aVilla Emo (Fanzolo, Italy)
650  0$aMural painting and decoration$zItaly$zTreviso (Province)
610 20$aVilla Emo (Fanzolo, Italy)
776 08$iOnline version:$aBordignon Favero, Giampaolo.$tVilla Emo di Fanzolo.$b[1. ed.].$dVicenza, Centro Inernationale di Studi Architettura "Andrea Palladio", 1970$w(OCoLC)742494932
830  0$aCorpus Palladianum ;$vv.5.
988   $a20020608
906   $0OCLC

