LEADER 00715cam a2200253I  4500
001 004000158-X
005 20020606095253.2
008 751117s1932    vp            000 0 eng  
010   $a   32026096 
035 0 $aocm01839106
040   $aDLC$cJPL$dOCL$dHLS
050 0 $aVA58$b.B45
082   $a359.0073
100 1 $aBeard, Charles Austin,$d1874-1948.
245 14$aThe navy :$bdefense or portent? /$cBy Charles A. Beard..
260   $aNew York,$aLondon,$bHarper & brothers,$c1932.
300   $a4 p. l., 198 p.$c22 cm.
500   $a"First edition."
610 10$aUnited States.$bNavy.
650  0$aSea-power.
650  0$aDisarmament.
651  0$aUnited States$xDefenses.
988   $a20020608
906   $0DLC

