LEADER 00991nam a2200289I  4500
001 004000159-8
005 20020606095253.2
008 751118s1926    nyu      b    000 0 eng  
010   $a   26019643 
035 0 $aocm01841447
040   $aDLC$cTLM$dHLS
043   $ae------$ae-uk---$an-us---
050 00$aD443$b.B37
090   $aD443$b.B37
100 1 $aBausman, Frederick,$d1861-1931.
245 10$aFacing Europe,$cby Frederick Bausman ...
260   $aNew York,$bCentury,$c[c1926]
300   $aix, 330 p.$c21 cm.
504   $a"Books pro and con on the war origins": p. 323-325.
650  0$aWorld War, 1914-1918$xCauses.
650  0$aDebts, Public.
651  0$aEurope$xPolitics and government$y20th century.
651  0$aGreat Britain$xForeign relations.
651  0$aUnited States$xForeign relations$y1913-1921.
776 08$iOnline version:$aBausman, Frederick, 1861-1931.$tFacing Europe.$dNew York, Century, [©1926]$w(OCoLC)609336090
988   $a20020608
906   $0DLC

