LEADER 00879nam a2200289I  4500
001 004000161-X
005 20070901105621.0
008 751119s1951    enkf          001 0deng  
010   $a   51006610 
015   $aGB51-6720
035 0 $aocm01843591
040   $aDLC$cMIA$dUKM$dHTV
050 00$aNC1115.W5$bF6 1951
082   $a741.91
100 1 $aWilson, Richard,$d1713-1782.
245 14$aThe drawings of Richard Wilson$c[by] Brinsley Ford.
260   $aLondon,$bFaber and Faber$c[1951]
300   $a69 p.$bplates.$c29 cm.
504   $aBibliography: p. 49.
600 10$aWilson, Richard,$d1713-1782.
600 10$aWilson, Richard,$d1713-1782$xCriticism and interpretation.
650  0$aDrawing, English.
650  0$aDrawing$zEngland$y18th century.
655  7$aCriticism, interpretation, etc.$2fast
700 1 $aFord, Brinsley.
988   $a20020608
906   $0DLC

