LEADER 01385cam a2200313I  4500
001 004000162-8
005 20071015202556.0
008 751120s1936    xx            000 0 eng  
010   $a   36033971 
035 0 $aocm01843794$zocm01744184
035 0 $aocm01843794
040   $aDLC$cGDC$dOCL$dJPL$dHTV
043   $aa-ir---
050 00$aDS258$b.S65
100 1 $aSinger, Caroline,$d1888-1963.
245 10$aHalf the world is Isfahan,$cby Caroline Singer and Cyrus Leroy Baldridge.
260   $aNew York,$aLondon,$bOxford University Press,$cc 1936.
300   $a2 p. 1., 158 (i,e 157 ). [1] p.$billus., 2 col. pl. col front., 2 col. p.$c32 cm.
500   $aExtra numbered pages inserted.
500   $aMaps on lining-papers.
500   $a"The first edition of Half the world is Isfahan, consists of 3000 copies, designed and printed by William E. Rudge's sons, Inc., New York, in collaboration with Cyrus LeRoy Baldridge".
651  1$aIran$xSocial life and customs.
651  0$aIran$xDescription and travel.
651  0$aIran$xSocial life and customs.
700 1 $aBaldridge, Cyrus Leroy,$d1889-1977,$ejoint author.
700 1 $aBaldridge, Cyrus Leroy,$d1889-1977,$eauthor.
776 08$iOnline version:$aSinger, Caroline, 1888-1963.$tHalf the world is Isfahan.$dNew York, London, Oxford University Press, ©1936$w(OCoLC)583426013
988   $a20020608
906   $0DLC

