LEADER 00946cam a2200253I  4500
001 004000163-6
005 20070901105621.0
008 751125s1902    enkaf         000 0 eng  
010   $a   02009336 
035 0 $aocm01853124
040   $aDLC$cZIH$dZIH$dSER$dOCL$dHTV
041 1 $aeng$hund
050 0 $aNK5561$b.W3
050 0 $aNK5561$b.W3 1902
100 1 $aWard, John,$d1832-1912.
245 14$aThe sacred beetle:$ba popular treatise on Egyptian scarabs in art and history.$cBy John Ward ... Five hundred examples of scarabs and cylinders, the translations by F. Llewellyn Griffith ...
260   $aLondon,$bJ. Murray,$c1902.
300   $axviii, 122 p.$bfront., illus., XVI pl.$c22 cm.
500   $aPublished also under title: The sacred beetle; Egyptian scarabs in art and history.
650  0$aScarabs.
651  0$aEgypt$xAntiquities.
700 1 $aGriffith, F. Ll.$q(Francis Llewellyn),$d1862-1934.
988   $a20020608
906   $0DLC

