LEADER 00627nam a2200217I  4500
001 004000164-4
005 20020606095253.2
008 751126s1960    fr            000 0 fre  
010   $a   62035538 
035 0 $aocm01855699
040   $aDLC$cJHE$dHLS
050 0 $aGN456.82$b.B4
100 1 $aBéart, Charles.
245 10$aRecherche des éléments d'une sociologie des peuples africains à partir de leurs jeux.
260   $aParis,$bPrésence africaine$c[1960]
300   $a147 p.$billus.$c23 cm.
490 0 $aEnquêtes et études
650  0$aGames.
650  0$aGames$zAfrica, Sub-Saharan.
988   $a20020608
906   $0DLC

