LEADER 00588nam a2200193I  4500
001 004000165-2
005 20020606095253.2
008 751126s1889    nyufcb        000 0 eng  
010   $a   05004381 
035 0 $aocm01857323
040   $aDLC$cTLM$dHLS
090   $aF102.W7$bB3
100 1 $aBayles, Richard M.$q(Richard Mather)
245 10$aHistory of Windham County, Connecticut ...$cEdited by Richard M. Bayles ...
260   $aNew York,$bPreston,$c1889.
300   $axvi, 1204 p.$bplates, ports., map.$c27 cm.
651  0$aWindham County (Conn.)$xHistory.
988   $a20020608
906   $0DLC

