LEADER 00655nam a2200193I  4500
001 004000166-0
005 20020606095253.2
008 751126s1895    enkafb        000 0 eng  
010   $a   01017941 
035 0 $aocm01857523
040   $aDLC$cTLM$dHLS
090   $aDK450$b.B35
100 1 $aBayley, Annie Margaret Clive,$d1852-
245 10$aVignette from Finland;$bor, Twelve months in Strawberryland.$cBy A. M. C. Clive-Bayley.
260   $aLondon,$bLow, Marston and Company, ltd.,$c1895.
300   $aviii p., 2 l., 301, [1] p.$bincl. front., illus., plates, fold. map.$c20 cm.
651  0$aFinland$xDescription and travel.
988   $a20020608
906   $0DLC

