LEADER 00647cam a2200205I  4500
001 004000167-9
005 20020606095253.2
008 751129s1924    nyu      b    000 0 eng  
010   $a   24020386 
035 0 $aocm01862871
040   $aDLC$cFQG$dOCL$dHLS
050 0 $aZ1035$b.B39
100 1 $aBecker, May Lamberton,$d1873-1958.
245 12$aA reader's guide book /$cby May Lamberton Becker, "The reder's guide" in "The literary review" of the New York evening post.
260   $aNew York :$bHenry Holt and company,$c1924.
300   $ax, 374 p. ;$c20 cm.
650  0$aBest books.
650  0$aBooks and reading.
988   $a20020608
906   $0DLC

