LEADER 00746nam a2200241Ii 4500
001 004000168-7
005 20020606095253.2
008 751202s1930    gw a     b    000 0 ger d
035 0 $aocm01869566
040   $aGSU$cGSU$dHLS
090   $aHM261$b.B25 1930
100 1 $aBauer, Wilhelm,$d1877-
245 14$aDie öffentliche Meinung in der Weltgeschichte /$cvon Wilhelm Bauer.
260   $aWildpark-Potsdam :$bAkademische Verlagsgesellschaft Athenaion,$cc1930.
300   $a402 p., [22] leaves of plates :$bill. ;$c27 cm.
440  0$aMuseum der Weltgeschichte
504   $a"Benutzte Literatur": p. 396-398.
650  0$aPublic opinion.
650  0$aPropaganda.
650  0$aPublicity.
650  0$aPress.
988   $a20020608
906   $0OCLC

