LEADER 01554cam a2200337Ia 4500
001 004000169-5
005 20071015202557.0
008 751204s1957    nyu      b    001 0 eng d
010   $z   52008757 
035 0 $aocm01873484
040   $aMH$cTNH$dOCL$dMDU$dVET$dHTV
041 1 $aeng$hger
050  4$aRC504$b.J95Co v.1 1957
060 00$aWM 7$bJ95p 1957
100 1 $aJung, C. G.$q(Carl Gustav),$d1875-1961.
245 10$aPsychiatric studies /$cC.G. Jung ; translated by R.F.C. Hull.
260   $aNew York :$bPantheon Books,$cc1957.
300   $axiii, 269 p. ;$c24 cm.
440  0$aBollingen series ;$v20
490 1 $aCollected works ;$vv. 1
500   $aIncludes index.
504   $aBibliography: p. 225-235.
505 0 $aOn the Psychology and Pathology of So-called Occult Phenomena -- A Case Of Somnambulism In A Girl With Poor Inheritance (Spiritualistic Medium) -- Discussion Of The Case -- On Hysterical Misreading -- Cryptomnesia -- On Manic Mood Disorder -- A Case of Hysterical Stupor in a Prisoner in Detention -- On Simulated Insanity -- A Medical Opinion on a Case of Simulated Insanity -- A Third and Final Opinion on Two Contradictory Psychiatric Diagnoses -- On The Psychological Diagnosis of Facts.
650  0$aPsychiatry$xCase studies.
650  2$aPsychiatry
655  2$aCase Reports
650  2$aMental Disorders$vCollected Works.
655  7$aCase studies.$2fast
800 1 $aJung, C. G.$q(Carl Gustav),$d1875-1961.$tWorks.$lEnglish.$f1953.$sPantheon/Princeton ;$vv. 1.
988   $a20070901
906   $0MH

