LEADER 01047cam a22002771i 4500
001 004000170-9
005 20070901105622.0
008 760602s1974    xx a     b    101 0beng  
010   $a   75532931 
015   $aIt***
035 0 $aocm01880418
040   $aDLC$cCGU$dDLC$dHTV
041 0 $aenggerita
050 00$aNA1123.B7$bC66 1970
050 00$aNA1123.B7$bC66 1974
111 2 $aCongresso internazionale di studi bramanteschi$d(1970 :$cMilan, etc.)
245 10$aStudi bramanteschi :$batti del Congresso internazionale, Milano, Urbino, Roma, 1970.
260   $a[s.l.] :$bDe Luca,$c[1974]
300   $axliii, 853 p. :$bill. ;$c25 cm.
500   $aAt head of title: Comitato nazionale per le celebrazioni bramantesche sotto l'alto patronato del Presidente della Repubblica.
500   $aEnglish, German, or Italian.
504   $aIncludes bibliographical references and indexes.
600 10$aBramante, Donato,$d1444?-1514$vCongresses.
710 2 $aComitato nazionale per le celebrazioni bramantesche.
988   $a20020608
906   $0DLC

