LEADER 00678cam a2200205I  4500
001 004000172-5
005 20090712174403.0
008 751209s1959    enka          000 0 eng  
010   $a   60004634 
035 0 $aocm01884652
040   $aDLC$cAAA$dOCL$dHLS
050 0 $aF1033$b.B453
082   $a923.271
100 1 $aBeaverbrook, Max Aitken,$cBaron,$d1879-1964.
245 10$aFriends;$bsixty years of intimate personal relations with Richard Bedford Bennett ...$ca personal memoir with an appendix of letters.
260   $aLondon,$bHeinemann$c[1959]
300   $a137 p.$billus.$c22 cm.
600 10$aBennett, R. B.$q(Richard Bedford),$d1870-1947.
988   $a20020608
906   $0DLC

