LEADER 01097cam a2200253Ia 4500
001 004000173-3
005 20130311154640.0
008 751210s1920    enkacfg       000 0beng d
010   $a   44044539 
035 0 $aocm01888608
040   $aBNG$cBNG$dSER$dHLS
050 0 $aPN2598.T7$bB4 1920a
100 1 $aBeerbohm, Max,$cSir,$d1872-1956.
245 10$aHerbert Beerbohm Tree :$bsome memories of him and of his art /$ccollected by Max Beerbohm ; with photogravure frontispiece and 57 illustrations.
260   $aLondon :$bHutchinson & Co.,$c[1920?]
300   $ax, 314 p., [25] leaves of plates :$bill., music, ports. ;$c22 cm.
600 10$aTree, Herbert Beerbohm,$cSir,$d1853-1917.
600 10$aTree, Herbert Beerbohm,$cSir,$d1852-1917.
655  7$aExtra-illustrated copies (Provenance)$zEngland$zLondon$y20th century.$2rbprov$5the
700 1 $aHarvey, Herbert Hugh,$eformer owner.$5the
752   $aEngland$dLondon.
776 08$iOnline version:$aBeerbohm, Max, Sir, 1872-1956.$tHerbert Beerbohm Tree.$dLondon, Hutchinson & Co. [1920?]$w(OCoLC)610235407
988   $a20020608
906   $0OCLC

