LEADER 00689cam a2200205I  4500
001 004000174-1
005 20120307152919.0
008 751211s1830    mau           000 0 eng  
010   $a   01012059 
035 0 $aocm01892693
040   $aDLC$cTLM$dOCL$dHLS
090   $aF68$b.B35
100 1 $aBaylies, Francis,$d1783-1852.
245 13$aAn historical memoir of the colony of New Plymouth$c... by Francis Baylies.
260   $aBoston,$bHilliard, Gray, Little, and Wilkins,$c1830.
300   $a4 pt. in 2 v.$c23 cm.
505 0 $av. 1. pt. 1. From 1620 to 1641 -- v. 2. pt. 2-4. From 1641 to 1692.
651  0$aMassachusetts$xHistory$yNew Plymouth, 1620-1691.
988   $a20020608
906   $0DLC

