LEADER 00629cam a2200205I  4500
001 004000175-X
005 20020606095253.2
008 751222s1907    enkfc         000 0 eng  
010   $aw  08000003 
035 0 $aocm01900189
040   $aDLC$cFQG$dOCL$dHLS
050 0 $aHQ792.G7$bB44
100 1 $aGodfrey, Elizabeth.
245 10$aEnglish children in the olden time;$cby Elizabeth Godfrey [pseud.] With thirty-two illustrations.
250   $aSecond edition.
260   $aLondon,$bMethuen & co.$c[1907]
300   $axvii, 336 p.$b32 pl. (incl. front.:port.)$c23 cm.
650  0$aChildren$zEngland.
988   $a20020608
906   $0DLC

