LEADER 00606cam a2200217I  4500
001 004000176-8
005 20020606095253.2
008 751222s1949    enkfc         000 0 eng d
010   $a   51018301 
015   $aGB50-2566
035 0 $aocm01901602
040   $aFQG$cFQG$dOCL$dUKM$dHLS
050 0 $aDA566.9.B382$bA3
082   $a923.642
100 1 $aBedford, Hastings William Sackville Russell,$cDuke of,$d1888-1953.
245 14$aThe years of transition.
260   $aLondon,$bA. Dakers$c[1949]
300   $a340 p.$bplates, ports.$c22 cm.
504   $aAutobiographical.
988   $a20020608
906   $0OCLC

