LEADER 00677nam a2200241I  4500
001 004000178-4
005 20020606095253.2
008 760106s1927    ilua   j b    000 0 eng  
010   $a   28000936 
035 0 $aocm01914013
040   $aDLC$cTLM$dHLS
050  4$aPN6120.A5$bB355
090   $aPN6120.A5$bB355
100 1 $aBeard, Patten.
245 10$aActing plays for boys and girls,$cby Patten Beard.
260   $aChicago,$bBeckley-Cardy$c[c1927]
300   $a114 p.$bincl. front.$c19 cm.
490 0 $aEducational play-book series
504   $aBibliography: p. [113]-114.
650  1$aChildren's plays.
650  0$aChildren's plays.
988   $a20020608
906   $0DLC

