LEADER 00966nam a2200229I  4500
001 004000179-2
005 20090712174403.0
008 760107s1911    iluca         000 0deng  
010   $a   11031779 
035 0 $aocm01915551
040   $aDLC$cTLM$dHLS
090   $aE83.81$b.B37
100 1 $aBeard, Reed,$d1862-
245 14$aThe battle of Tippecanoe;$bhistorical sketches of the famous field upon which General William Henry Harrison won renown that aided him in reaching the presidency; lives of the Prophet and Tecumseh, with many interesting incidents of their rise and overthrow. The campaign of 1888 and election of General Benjamin Harrison.$cBy Reed Beard ...
250   $a4th ed.
260   $a[Chicago,$bConkey,$cc1911]
300   $a134 p.$bincl. front. (port.) illus.$c21 cm.
650  0$aTippecanoe, Battle of, Ind., 1811.
600 00$aTecumseh,$cShawnee Chief,$d1768-1813.
600 00$aTenskwatawa,$cShawnee Prophet.
988   $a20020608
906   $0DLC

