LEADER 01130nam a2200277I  4500
001 004000180-6
005 20020606095253.2
008 760107s1911    nyu      s    000 0 eng  
010   $a   11005390 
035 0 $aocm01915751
040   $aDLC$cTLM$dHLS
043   $an-us---
050 00$aJS342$b.B4
090   $aJS342$b.B4
100 1 $aBeard, Charles Austin,$d1874-1948,$eed.
245 10$aLoose leaf digest of short ballot charters;$ba documentary history of the commission form of municipal government,$ced. by Charles A. Beard.
250   $a1st. ed.- 500 copies, no. 346.
260   $aNew York,$bThe Short Ballot Organization$c[c1911]
300   $a[301] p.$c30 cm.
500   $aPart of the leaves printed on one side only.
504   $aBibliography: p. [281]-[291]
650  0$aMunicipal government by commission.
650  0$aMunicipal law$zUnited States.
776 08$iOnline version:$aBeard, Charles A. (Charles Austin), 1874-1948.$tLoose leaf digest of short ballot charters.$b1st. ed.- 500 copies, no. 346.$dNew York, The Short Ballot Organization [©1911]$w(OCoLC)682474858
988   $a20020608
906   $0DLC

