LEADER 01080cam a2200313I  4500
001 004000181-4
005 20070901105622.0
008 760107s1955    enk           000 0 eng  
010   $a   55038882 
015   $aGB55-6925
035 0 $aocm01915798
040   $aDLC$cDGW$dOCL$dUKM$dHTV
043   $aa-af---$aa-pk---
050 0 $aDS432.P4$bM3 1955a
050 0 $aDS432.P4$bM3 1955
082   $a915.42
100 1 $aMayne, Peter.
245 14$aThe narrow smile;$ba journey back to the North-west frontier.
250   $a[1st ed.]
260   $aLondon,$bMurray$c[1955]
300   $a263 p.$billus.$c22 cm.
500   $aAmerican ed. (Garden City, N. Y., Doubleday) has title: Journey to the Pathans.
505 0 $aPt.1. Camera obscura -- Pt.2. Kabul -- Pt.3 Pathan-Pakhtun -- Pt.4. Epilogue : Karachi
650  0$aPushtuns.
651  0$aAfghanistan$xDescription and travel.
651  0$aPakistan$xDescription and travel.
776 08$iOnline version:$aMayne, Peter.$tNarrow smile.$b[1st ed.]$dLondon, Murray [1955]$w(OCoLC)654323918
988   $a20020608
906   $0DLC

