LEADER 00813cam a2200241Ii 4500
001 004000183-0
005 20020606095253.2
008 760113s1947    ag            000 0 spa d
035 0 $aocm01924169
040   $aKSU$cKSU$dOCL$dHLS
041 1 $aspafre
090   $aDS135.F8$bB34
100 1 $aBédarride, J.$q(Jassuda),$d1804-1882.
245 10$aGrandezas y miserias de un pueblo :$blos judios en Francia, Italia y Espana, desde su dispersion hasta nuestros dias /$cPrologo, traduccion y apendice por Diego A. de Santillan.
260   $aBuenos Aires :$bV. Leru,$c1947.
300   $a373 p., 12 plates :$bill. ;$c23 cm.
500   $aTraducido del frances.
504   $aBibliographical footnotes.
650  0$aJews$zFrance.
650  0$aJews$zItaly.
650  0$aJews$zSpain.
988   $a20020608
906   $0OCLC

