LEADER 01049nam a2200289I  4500
001 004000184-9
005 20070901105622.0
008 760114s1964    it ae    b    000 0 ita  
010   $a   67046682 
035 0 $aocm01927503
040   $aDLC$cZPM$dHTV
043   $ae-it---
050 0 $aNA1119.L8$bR75
050 0 $aNA1119.L8$bR75 1964
100 1 $aRomanini, Angiola Maria.
245 12$aL'architettura gotica in Lombardia /$cAngiola Maria Romanini..
260   $aMilano :$bCeschina,$c1964.
300   $a2 v. :$bill. (some col.), plans ;$c30 cm.
440  0$aArchitetture delle regioni d'Italia ;$v2
504   $aIncludes bibliographical references (v.2, p.271-309).
505 0 $av.1. [Text] -- v. 2. [Plates].
650  0$aArchitecture, Gothic$zItaly$zLombardy.
650  0$aArchitecture$zItaly$zLombardy.
651  0$aLombardy (Italy)$xBuildings, structures, etc.
776 08$iOnline version:$aRomanini, Angiola Maria.$tArchitettura gotica in Lombardia.$dMilano, Ceschina, 1964$w(OCoLC)560750649
988   $a20020608
906   $0DLC

