LEADER 00690nam a2200229I  4500
001 004000185-7
005 20020606095253.2
008 760115s1884    fr            000 0 fre  
010   $a   33017760 
035 0 $aocm01928948
040   $aDLC$cBNG$dHLS
050 0 $aPN2091.S8$bB35
082   $a792
100 2 $aBecq de Fouquières, L.$q(Louis),$d1831-1887.
245 12$aL'art de la mise en scène;$bessai d'esthétique théâtrale.
260   $aParis,$bG. Charpentier et cie,$c1884.
300   $a2 p. ℓ. xi, 285 p.$c19 cm.
500   $aAt head of title: L. Becq de Fouquières.
650  0$aTheater.
650  0$aTheaters$xStage-setting and scenery.
988   $a20020608
906   $0DLC

