LEADER 00787nam a2200253I  4500
001 004000186-5
005 20020606095253.2
008 760116s1941    nyub          000 1 eng  
010   $a   41007646 
035 0 $aocm01932419
040   $aDLC$cTLM$dHLS
043   $an-us---
050 00$aPZ3.B39515$bWh
090   $aPZ3.B39515$bWh
100 1 $aBeebe, Ralph.
245 10$aWho fought and bled$c[by] Ralph Beebe.
260   $aNew York,$bCoward-McCann, inc.$c[c1941]
300   $a329 p.$bincl. front. (map)$c21 cm.
651  0$aUnited States$xHistory$yWar of 1812$vFiction.
655  7$aFiction.$2fast
655  7$aHistory.$2fast
776 08$iOnline version:$aBeebe, Ralph.$tWho fought and bled.$dNew York, Coward-McCann [©1941]$w(OCoLC)563149288
988   $a20020608
906   $0DLC

