LEADER 01012cam a2200217I  4500
001 004000187-3
005 20020606095253.2
008 760116s1911    ilubcf        000 0 eng  
010   $a   11008816 
035 0 $aocm01932493
040   $aDLC$cTLM$dSER$dHLS
050 0 $aE475.53$b.B41
100 1 $aBeecham, R. K.$q(Robert K.),$d1838-
245 10$aGettysburg, the pivotal battle of the Civil War,$cby Captain R.K. Beecham ... with illustrations and map.
260   $aChicago,$bA.C. McClurg & Co.,$c1911.
300   $a5 p. ℓ., 9-298 p.$bfront., plates, ports., fold. map.$c22 cm.
650  0$aGettysburg, Battle of, Gettysburg, Pa., 1863.
776 08$iOnline version:$aBeecham, R.K. (Robert K.), b. 1838.$tGettysburg, the pivotal battle of the Civil War.$dChicago, A.C. McClurg & Co., 1911$w(OCoLC)591992219
776 08$iOnline version:$aBeecham, R.K. (Robert K.), b. 1838.$tGettysburg, the pivotal battle of the Civil War.$dChicago, A.C. McClurg & Co., 1911$w(OCoLC)612758922
988   $a20020608
906   $0DLC

