LEADER 00968cam a2200253Ia 4500
001 004000188-1
005 20030312152703.0
008 760116s1887    nyu           001 0 eng  
010   $a   20013753 
035 0 $aocm01932696
040   $aDLC$cTLM$dOCL$dHLS$dHMM
050  4$aPS1084.B2$bZ6
090   $aPS1084.B2$bZ6
100 1 $aBeecher, Henry Ward,$d1813-1887.
245 10$aBeecher as a humorist :$bselections from the published works of Henry Ward Beecher /$ccompiled by Eleanor Kirk.
260   $aNew York :$bFords, Howard and Hulbert,$c1887.
300   $aviii, 213 p. ;$c19 cm.
500   $aIncludes index.
651  0$aIndiana$xWit and humor.
700 1 $aKirk, Eleanor,$d1831-1908.
776 08$iOnline version:$aBeecher, Henry Ward, 1813-1887.$tBeecher as a humorist.$dNew York, Fords, Howard and Hulbert, 1887$w(OCoLC)564020073
830  0$aHarvard College Library preservation microfilm program 2003 ;$v09525.$5mmf
988   $a20020608
906   $0DLC

