LEADER 00741nam a2200229Ii 4500
001 004000189-X
005 20020606095253.2
008 760116s1854    mau           000 0 eng d
035 0 $aocm01932765
040   $aAAA$cAAA$dHLS
090   $aBT78$b.B42 1854
100 1 $aBeecher, Edward,$d1803-1895.
245 14$aThe conflict of ages =$bor, The great debate on the moral relations of God and man.
246 3 $aGreat debate on the moral relations of God and man.
250   $a5th ed.
260   $aBoston :$bPhillips, Sampson & Company ;$aLondon :$bSampson Low, Son & Co.,$c1854.
300   $axii, 552 p. ;$c20 cm.
650  0$aTheological anthropology.
650  0$aGod.
650  0$aTheology, Doctrinal.
988   $a20020608
906   $0OCLC

