LEADER 00997cam a2200217I  4500
001 004000190-3
005 20020606095253.2
008 760119s1915    nyu           000 0 eng  
010   $a   15005752 
035 0 $aocm01934735
040   $aDLC$cTLM$dOCL$dSER$dHLS
050 0 $aD511$b.B35 1915
100 1 $aBeck, James M.$q(James Montgomery),$d1861-1936.
245 14$aThe evidence in the case;$ba discussion of the moral responsibility for the war of 1914, as disclosed by the diplomatic records of England, Germany, Russia, France, and Belgium,$cby James M. Beck ... with an introduction by Hon. Joseph H. Choate ...
250   $aRev. ed., with additional material.
260   $aNew York,$aLondon,$bG. P. Putnam's Sons,$c1915.
300   $a3 p. ℓ., v-xxxv, 258 p.$c19 cm.
500   $a"Based upon an article by the Hon. James M. Beck, which came into print in the 'New York Times' of October 25th."--Publishers' note.
650  0$aWorld War, 1914-1918$xCauses.
988   $a20020608
906   $0DLC

