LEADER 01830cam a2200397I  4500
001 004000191-1
005 20071015202557.0
008 760121s1959    nyua          001 0 eng d
010   $z   52008757 
035 0 $aocm20820977
035 0 $aocm01938115
040   $aWUM$cWUM$dWUM$dOCL$dOMT$dHTV
041 1 $aengger
050  4$aBL53$b.J95a 1959
060  4$aBL 53 J95a 1959
100 1 $aJung, C. G.$q(Carl Gustav),$d1875-1961.
245 10$aAion :$bResearches into the phenomenology of the self /$cTranslated by R. F. C. Hull.
260   $aNew York :$bPantheon Books,$c1959.
300   $a2 v.$billus.$c24 cm.
440  0$aBollingen series ;$v20
490 1 $aCollected works ;$vv. 9.
500   $a"Translated from the first part of Aion: Untersuchungen zur Symbolgeschichte."
505 0 $tThe ego --$tThe Shadow --$tThe Syzygy: Anima and Animus --$tThe self --$tChrist, a symbol of the self --$tThe sign of the fishes --$tThe prophecies of Nostradamus --$tThe historical significance of the fish --$tThe ambivalence of the fish symbol --$tThe fish in alchemy --$tThe alchemical interpretation of the fish --$tBackground to the psychology of Christian alchemical symbolism --$tGnostic symbols of the self --$tThe structure and dynamics of the self --$tConclusion.
650  0$aSymposium.
650  0$aPsychology, Religious.
650  0$aPerpetua,$cSaint,$dd. 203$xLegends.
600 00$aPerpetua,$cSaint,$d-203$vLegends.
650  0$aPerpetua, Saint$vLegends.
650  0$aSymbolism (Psychology)
650  0$aSelf.
650  2$aReligion and Psychology.
650  2$aSymbolism.
700 1 $aHull, R. F. C.$q(Richard Francis Carrington),$d1913-1974.
800 1 $aJung, C. G.$q(Carl Gustav),$d1875-1961.$tWorks.$lEnglish.$f1953.$sPantheon/Princeton ;$vv. 9.
988   $a20020608
906   $0OCLC

