LEADER 01981nam a2200445Ia 4500
001 004000192-X
005 20090416235259.0
008 760122s1904    enkabf        000 0 eng  
010   $a   05016878 
035 0 $aocn581544805
035 0 $aocn786361023
035 0 $aocm01941280
040   $aDLC$cAZN$dHTV$dHMM
043   $aac-----
050 0 $aDK861.P2$bO4
050 0 $aDK861.P2$bO4 1904
100 1 $aOlufsen, O.$q(Ole),$d1865-1929.
245 10$aThrough the unknown Pamirs :$bthe second Danish Pamir expedition 1898-99 /$cby O. Olufsen.
260   $aLondon :$bWilliam Heinemann,$c1904.
300   $axxii, 238 p., [3] folded leaves of plates :$bill., maps (some col.) ;$c23 cm.
500   $a"Published at the expense of the Church ministry and the Carlsberg fund"--T.p. verso.
505 2 $a"The anthropology of the mountain Tadjiks / by Sören Hansen": p. 217-229.
504   $aIncludes bibliographical references and index.
651  0$aPamir$xDescription and travel.
651  0$aAsia, Central$xDescription and travel.
650  0$aTajiks.
611 20$aDanish Pamir Expedition$n(2nd :$d1898-1899)
600 10$aOlufsen, O.$q(Ole),$d1865-1929$xTravel$zPamir.
650  0$aTajiks$xSocial life and customs$y19th century.
700 12$aHansen, Søren.$tAnthropology of the mountain Tadjiks.
710 1 $aDenmark.$bMinisteriet for kirke- og undervisningsvæsenet.
710 2 $aCarlsbergfondet (Copenhagen, Denmark)
711 2 $aDanish Pamir Expedition$n(2nd :$d1898-1899)
700 1 $aHansen, Sören,$d1857-1946,$econtributor.
710 2 $aHeinemann (Firm),$epublisher.
710 2 $aBallantyne, Hanson and Co,$eprinter.
776 08$iOnline version:$aOlufsen, O. (Ole), 1865-1929.$tThrough the unknown Pamirs; the second Danish Pamir expedition 1898-99.$dLondon, W. Heinemann, 1904$w(OCoLC)581544805
830  0$aOpen Collections Program at Harvard University.$pExpeditions and discoveries.$5net
988   $a20020608
906   $0DLC

