LEADER 00782nam a2200241I  4500
001 004000193-8
005 20061002160455.0
008 760122m19669999uy            000 0 spa d
010   $a   70230645 
035 0 $aocm01942820
040   $aICU$cICU$dHLS
050 0 $aF2723$b.B355
100 1 $aBauzá, Francisco,$d1849-1899.
245 10$aHistoria de la dominación española en el Uruguay.$cEstudio preliminar de Juan E. Pivel Devoto.
260   $aMontevideo,$c1965 [i.e. 1966-
300   $av. in$c20 cm.
440  0$aBiblioteca Artigas.$pColección de clásicos uruguayos,$vv. 95-100
504   $aBibliographical footnotes.
651  0$aUruguay$xHistory$yTo 1810.
651  0$aUruguay$xHistory$y1810-1830.
700 2 $aPivel Devoto, Juan E.
988   $a20020608
906   $0OCLC

