LEADER 01079nam a2200265I  4500
001 004000194-6
005 20020606095253.2
008 760127s1943    mau           000 0 eng  
010   $a   44007888 
035 0 $aocm01947250
040   $aDLC$cKSU$dHLS
050   $aVK559$b.B34
100 1 $aBarton, William Henry,$d1893-1944.
245 10$aStereopix;$bthe principles of celestial navigation explained by means of three-dimensional pictures,$cby Wm. H. Barton, jr. ... Illustration by Charles H. Coles from artwork by Walter Favreau ...
260   $a[Cambridge, Mass.,$bAddison-Wesley press, inc.]$cc1943.
300   $a[28]p.$billus.$c24 cm.
500   $aCover-title: Stereopix for celestial navigation.
500   $aTwo "viewers" (colored celluloid papers), which should be inserted in pocket, are lacking.
500   $a"A companion piece to the author's 'An introduction to celestial navigation.̓" -Pref.
504   $aBibliography: p. [28]
650  0$aNavigation.
650  0$aNautical astronomy.
650  0$aStereoscopic views.
988   $a20020608
906   $0DLC

