LEADER 00772nam a2200229I  4500
001 004000196-2
005 20140206113819.0
008 760130s1887    fr            000 0 fre d
035 0 $aocm01956566
035 1 $aCTRG95B3320
035 1 $zNYBA88B3399
040   $aYUS$cYUS$dHTV
100 1 $aDieulafoy, Jane,$d1851-1916.
245 13$aLa Perse, la Chaldée et la Susiane :$brelation de voyage /$cpar Jane Dieulafoy.
260   $aParis :$bHachette,$c1887.
300   $a739 p. :$bill.$c35 cm.
651  0$aKhūzistān (Iran)$xDescription and travel.
651  0$aMiddle East$xDescription and travel.
651  0$aIran$xDescription and travel.
830  0$aWestern books, The Middle East from the rise of Islam ;$vfiches 4,931-4,940.$5mic
988   $a20020608
906   $0RLIN

