LEADER 00666nam a2200217I  4500
001 004000197-0
005 20020606095253.2
008 760203m18941895xxcc     b    000 0 eng  
010   $a   02001979 /rev.
035 0 $aocm01964647
040   $aDLC$cTLM$dHLS
090   $aF1060$b.B41
100 1 $aBegg, Alexander,$d1839-1897.
245 10$aHistory of the North-west.$cBy Alexander Begg ...
260   $aToronto,$bHunter, Rose & Co.,$c1894-95.
300   $a3 v.$bfronts., ports.$c23 cm.
504   $a"Reference books on the North-west": v. 3, p. [xxi]-xxvii.
651  0$aNorthwest, Canadian$xHistory.
651  0$aManitoba$xHistory.
988   $a20020608
906   $0DLC

