LEADER 00844cam a2200229I  4500
001 004000198-9
005 20020606095253.2
008 760204s1946    mau           000 0 eng u
035 0 $aocm01967139
040   $cJNA$dOCL$dHLS
090   $aHE3695.C6$bB39x
100 1 $aBeebe, Lucius Morris,$d1902-1966.
245 14$aThe narrow gage railroads of Colorado,$cby Lucius Beebe. Photographs by Charles Clegg and the author.
260   $aBoston,$bThe Railway and Locomotive Historical Society,$c1946.
300   $a1 p.ℓ., [3]-47 p.$billus.
490 0 $aRailway and Locomotive Historical Society. Bulletin no. 67A
504   $aIncludes bibliographical references.
650  0$aNarrow gauge railroads$zColorado.
651  0$aColorado$xSocial life and customs.
710 2 $aRailway & Locomotive Historical Society.
988   $a20020608
906   $0MH

