LEADER 01079cam a2200253I  4500
001 004000199-7
005 20070901105623.0
008 760206s1924    it            001 0 ita  
010   $a   25004246 
035 0 $aocm01971441
040   $aDLC$cNGU$dHTV
050 0 $aML3845$b.L56
050 0 $aML3845$b.L56 1924
100 1 $aLiuzzi, Fernando,$d1884-1940.
245 10$aEstetica della musica;$bstudi e saggi.
260   $aFirenze,$bSocietà anonima editrice "La Voce,"$c1924.
300   $a4 p. l., [3]-260 p., 2 l.,$c21 cm.
490 1 $aBiblioteca di filosofia contemporanea ;$v9
505 0 $aVisibilità e udibilità.--Estetica "kreisleriana" (da E. T. A. Hoffmann a Roberto Schumann)--Un quesito di estetica musicale in Anatole France.--Opinioni.--Musica latina e musica tedesca.--"Tristano e Isolda" come poema drammatico.--"Arianne et Barbe-bleue" de M. Maeterlinck e P. Dukas.--Ernest Bloch.
650  0$aMusic$xPhilosophy and aesthetics.
650  0$aMusic.
830  0$aBiblioteca di filosofia contemporanea (Florence, Italy) ;$v9.
988   $a20020608
906   $0DLC

