LEADER 00618nam a2200193I  4500
001 004000200-4
005 20080502135345.0
008 760206s1768    xx j          000 0 fre d
035 0 $aocm01972767
040   $aCIN$cCIN$dHVL$dMH-L
090   $aDC801.A96$bP45
100 1 $aPfeffel, Christian Friedrich,$d1726-1807.
245 10$aRecherches historiques concernant les droits du pape sur la ville & l'état d'Avignon;$bavec pièces justificatives.
260   $a[S.l. :$bs.n.],$c1768.
300   $a230 p. :$bfold. table. ;$c19 cm.
650  0$aPopes.
651  0$aAvignon (France)$xHistory.
988   $a20020608
906   $0OCLC

