LEADER 00537nam a22001931  4500
001 004000201-2
005 20020606095253.2
008 740605s1967    nyu           000 0 eng  
010   $a   67026081 
035 0 $aocm01973739
040   $aDLC$cDLC$dHLS
050 0 $aPZ4.B3683$bCh
100 1 $aBeardmore, George.
245 10$aCharlie Pocock and the princess.
260   $aNew York,$bViking Press$c[1967]
300   $a191 p.$c21 cm.
500   $aLondon ed. (Gollancz) has title: Charlie Pocock's Indian bride.
988   $a20020608
906   $0DLC

