LEADER 01291cam a2200301 i 4500
001 004000202-0
005 20020606095253.2
008 751201s1975    ru       b    000 0 eng  
010   $a   75330446 //r882
015   $aUSSR***
035 0 $aocm01974463
040   $aDLC$cDLC$dHLS
041 1 $aengrus
043   $aee-----
050 0 $aHC244$b.B35413
082   $a338.91/47
100 1 $aBautina, N. V.$q(Ninelʹ Vladimirovna)
240 10$aSovershenstvovanie ėkonomicheskikh vzaimootnosheniĭ stran chlenov SĖV.$lEnglish
245 10$aCMEA today :$bfrom economic co-operation to economic integration /$cNinel Bautina ; [translated from the Russian by Yuri Sviridov ; edited by Barry and Joyce Jennings].
260   $aMoscow :$bProgress Publishers,$c1975.
300   $a178 p. ;$c21 cm.
440  0$aSocialism today
500   $aTranslation of Sovershenstvovanie ėkonomicheskikh vzaimootnosheniĭ stran chlenov SĖV.
504   $aIncludes bibliographical references.
651  0$aEurope, Eastern$xEconomic integration.
776 08$iOnline version:$aBautina, N.V. (Ninelʹ Vladimirovna).$sSovershenstvovanie ėkonomicheskikh vzaimootnosheniĭ stran chlenov SĖV. English.$tCMEA today.$dMoscow : Progress Publishers, 1975$w(OCoLC)566008713
988   $a20020608
906   $0DLC

