LEADER 00859nam a2200217I  4500
001 004000203-9
005 20020606095253.2
008 760209s1924    ag ch         001 0 spa  
010   $a   27008368 
035 0 $aocm01978370
040   $aDLC$cICU$dHLS
050 0 $aF2845$b.P94
100 2 $aBeccar Varela, Adrian.
245 10$aJuan Martín de Pueyrredón.
260   $aBuenos Aires,$bTalleres gráficos argentinos de L. J. Rosso y cía.,$c1924.
300   $a328 p., 1 l., 329-338 p. incl. front. (port.)$b5 facsim. (part fold.)$c17 1/2 cm.
500   $a"Primer premio diploma de honor y medalla de oro en el concurso histórico literario organizado por el Centro de estudios Juan Martin de Pueyrredón."
600 10$aPueyrredón, Juan Martín de,$d1777-1850.
651  0$aArgentina$xHistory$yWar of Independence, 1810-1817.
988   $a20020608
906   $0DLC

