LEADER 00584nam a2200217I  4500
001 004000204-7
005 20020606095253.2
008 760212s1961    gw            000 0 ger  
010   $a   62065178 
035 0 $aocm01986479
040   $aDLC$cSYB$dHLS
050 0 $aHN450$b.B3
100 1 $aBausinger, Hermann.
245 10$aVolkskultur in der technischen Welt.
260   $aStuttgart,$bW. Kohlhammer$c[1961]
300   $a217 p.$c21 cm.
500   $aIncludes bibliography.
650  0$aCivilization, Modern.
651  0$aGermany (West)$xCivilization.
988   $a20020608
906   $0DLC

