LEADER 01395cam a2200277I  4500
001 004000206-3
005 20061002144157.0
008 760213s1953    uy            000 0 spa  
010   $a   65038440 
035 0 $aocm01988959
040   $aDLC$cFNP$dOCL$dHLS
043   $as-uy---
050   $aAC75$b.B3 1953
100 1 $aBauzá, Francisco,$d1849-1899.
245 10$aEstudios literarios.$cPrólogo de Arturo Sergio Visca.
260   $aMontevideo,$bMinisterio de Instrucción Pública y Previsión Social,$c1953.
300   $axvi, 258 p.$c20 cm.
440  0$aBiblioteca Artigas.$pColección de clásicos uruguayos ;$vv. 9
505 0 $aFrancisco Acuña de Figueroa. -- Diógenes y sus ideas. -- Los poetas de la revolución. -- La religión y la ciencia. (Juicio critico sobre el libro de Draper). -- César Díaz. -- Juan Carlos Gómez. -- Cuadros de costumbres : El gaucho. Un gobierno de otros tiempos. Las trillas.
600 10$aDraper, John William,$d1811-1882.$tHistory of the conflict between religion and science.
600 00$aDiogenes,$d-approximately 323 B.C.
650  0$aUruguayan literature$xHistory and criticism.
651  0$aUruguay$xSocial life and customs.
776 08$iOnline version:$aBauzá, Francisco, 1849-1899.$tEstudios literarios.$dMontevideo : Ministerio de Instrucción Pública y Previsión Social, 1953$w(OCoLC)569043248
988   $a20020608
906   $0DLC

