LEADER 00840cam a2200253I  4500
001 004000207-1
005 20020606095253.2
008 760213s1778    stk           000 0 eng  
010   $a   34028913 
035 0 $aocm01990396
040   $aDLC$cTXU$dOCL$dHVL
041 1 $aeng$hfre
050 0 $aJC179$b.M74 1778
100 1 $aMontesquieu, Charles de Secondat,$cbaron de,$d1689-1755.
245 14$aThe spirit of laws.$cTranslated from the French of M. de Secondat, baron de Montesquieu ...
250   $a7th ed.
260   $aEdinburgh :$bA. Donaldson,$cM,DCC,LXXVIII (1778).
300   $a2 v. ;$c18 cm.
650  0$aPolitical science$vEarly works to 1800.
650  0$aState, The$vEarly works to 1800.
650  0$aLaw$xPhilosophy$vEarly works to 1800.
650  0$aJurisprudence$vEarly works to 1800.
988   $a20020608
906   $0DLC

