LEADER 00789cam a2200229 i 4500
001 004000208-X
005 20020606095253.2
008 760108s1975    ag       b    001 0 spa  
010   $a   75521804 
035 0 $aocm01993781
035 0 $aocm01993781$zocm01861156$zocm20776219
040   $aDLC$cDLC$dOCL$dIUA$dHLS
050 0 $aZ8619.3$b.B42$aPQ8097.N4
100 1 $aBecco, Horacio Jorge,$d1924-
245 00$aPablo Neruda :$bbibliografía /$cHoracio Jorge Becco.
260   $aBuenos Aires :$bCasa Pardo,$cc1975.
300   $a260 p. ;$c21 cm.
500   $aIncludes indexes.
600 10$aNeruda, Pablo,$d1904-1973$vBibliography.
776 08$iOnline version:$aBecco, Horacio Jorge, 1924-$tPablo Neruda.$dBuenos Aires : Casa Pardo, ©1975$w(OCoLC)613051046
988   $a20020608
906   $0DLC

