LEADER 00778nam a2200229 a 4500
001 004000209-8
005 20020606095253.2
008 930302s1971    sp af    b    000 0 spa d
010   $a   87131556 
035 0 $aocm01994520
040   $aMH$cDLC$dHLS
042   $alccopycat
050 04$aNB813.C35$bB4 1971b
100 1 $aBédat, Claude.
245 13$aEl escultor Felipe de Castro /$cClaude Bédat.
260   $aSantiago de Compostela :$bConsejo Superior de Investigaciones Científicas, Instituto P. Sarmiento de Estudios Gallegos,$c1971.
300   $axii, 146 p., 40 p. of plates :$bill. ;$c24 cm.
440  0$aCuadernos de estudios gallegos.$pAnejo ;$v20
504   $aBibliography: p. [xi]-xii.
600 10$aCastro, Felipe de,$d1704?-1775.
988   $a20020608
906   $0MH

