LEADER 01086nam a2200289I  4500
001 004000210-1
005 20071015202558.0
008 760216s1968    it f          000 0 ita  
010   $a   78414571 
035 0 $aocm01994773
040   $aDLC$cKLG$dHTV
050 0 $aNA2517$b.G9 1968
100 1 $aGuarini, Guarino,$d1624-1683.
245 10$aArchitettura civile.$cIntroduzione di Nino Carboneri. Note e appendice a cura di Bianca Tavassi La Greca.
260   $aMilano,$bIl polifilo,$c1968.
300   $axlviii, 471 p.$bplates.$c26 cm.
440  0$aTrattati di architettura ;$vv. 8
490 1 $aClassici italiani di scienze tecniche e arti
504   $aBibliography: p. xl-xlvi.
650  0$aArchitecture$xEarly works to 1800.
655  7$aEarly works.$2fast
700 1 $aTavassi La Greca, Bianca,$eed.
700 1 $aTavassi La Greca, Bianca,$eeditor.
776 08$iOnline version:$aGuarini, Guarino, 1624-1683.$tArchitettura civile.$dMilano, Il polifilo, 1968$w(OCoLC)563522667
830  0$aClassici italiani di scienze, tecniche e arti.
988   $a20020608
906   $0DLC

