LEADER 00908nam a2200241Ii 4500
001 004000211-X
005 20020606095253.2
008 760216s1896    pauc          000 0 eng d
035 0 $aocm01995443
035 0 $aocm01995443$zocm10477783
040   $aRBN$cRBN$dHLS
050  4$aBJ1671$b.B4 1896
090   $aBJ1671$b.B4 1896
100 1 $aBeecher, Henry Ward,$d1813-1887.
245 10$aAddresses to young men /$cHenry Ward Beecher.
260   $aPhiladelphia :$bH. Altemus,$c[c1896]
300   $a259 p. :$bport. ;$c16 cm.
500   $aPublished also under titles: Seven lectures to young men ... ; Lectures to young men ... ; Twelve lectures to young men ... (expanded ed.)
650  0$aYoung men.
650  0$aConduct of life.
776 08$iOnline version:$aBecher, Henry Ward, 1813-1887.$tAddresses to young men.$dPhiladelphia : H. Altemus, [©1896]$w(OCoLC)894204774
988   $a20020608
906   $0OCLC

