LEADER 01293cam a2200301Ia 4500
001 004000212-8
005 20060302111451.0
008 760217s1944    enk           000 j eng  
010   $a   45008920 
035 0 $aocm01998181
040   $aDLC$cEWF$dHLS$dHMM
041 1 $aeng$hrus
043   $ae-ur---
050   $aPZ3.B3475$bMal
100 1 $aBazhov, P. P.$q(Pavel Petrovich),$d1879-1950.
240 10$aMalakhitovai︠a︡ shkatulka.$lEnglish
245 14$aThe malachite casket :$btales from the Urals /$cby Pavel Bazhov ; translated by Alan Moray Williams.
260   $aLondon ;$aNew York :$bHutchinson,$c[1944]
300   $a192 p. ;$c19 cm.
500   $aTranslation of: Malakhitovai︠a︡ shkatulka.
650  0$aTales$zSoviet Union.
700 1 $aWilliams, Alan Moray,$d1915-
700 1 $aWilliams, Alan Moray,$d1915-$etranslator.
776 08$iOnline version:$aBazhov, P.P. (Pavel Petrovich), 1879-1950.$tMalachite casket.$dLondon, New York [etc.] Hutchinson & Co. [1944]$w(OCoLC)578105122
776 08$iOnline version:$aBazhov, P.P. (Pavel Petrovich), 1879-1950.$tMalachite casket.$dLondon, New York [etc.] Hutchinson & Co. [1944]$w(OCoLC)609714955
830  0$aHarvard College Library preservation microfilm program 2006 ;$v12476.$5mmf
988   $a20020608
906   $0DLC

