LEADER 00971nam a22003011i 4500
001 004000213-6
005 20070901105624.0
008 780919s1973    it af    b    001 0 ita  
010   $a   75538794 
015   $aIt74-Aug
020   $cL18000
020   $cL18000
035 0 $aocm01999141
040   $aDLC$cDLC$dHTV
050 0 $aNA7756.V578$bF67
050 0 $aNA7756.V578$bF67 1973
100 1 $aForssman, Erik.
245 13$aIl Palazzo da Porto Festa di Vicenza /$cErik Forssman ; [Antonietta Cardinali ha tradotto il manoscritto].
250   $a1. ed.
260   $aVicenza :$bCentro internazionale di studi di architettura Andrea Palladio,$cc1973.
300   $a76 p., [60] leaves of plates :$bill. (some col.) ;$c35 cm.
440  0$aCorpus Palladianum ;$vv. 8
500   $aIncludes index.
504   $aBibliography: p. [69]-70.
600 10$aPalladio, Andrea,$d1508-1580.
610 10$aVicenza.$bPalazzo da Porto Festa.
988   $a20020608
906   $0DLC

