LEADER 00699cam a2200217Ii 4500
001 004000214-4
005 20100521165446.0
008 760219s1944    enka          000 0 eng u
035 0 $aocm02001329
040   $cMMM$dHLS
050  4$aD780$b.B398
090   $aD780$b.B398
100 1 $aBaxter, Richard.
245 10$aStand by to surface /$cBy Richard Baxter.
260   $aLondon:$bCassell,$c[1944]
300   $a208 p., [8] leaves of plates :$bill. ;$c22 cm.
650  0$aSubmarine warfare.
650  0$aWorld War, 1939-1945$xNaval operations$xSubmarine.
776 08$iOnline version:$aBaxter, Richard.$tStand by to surface.$dLondon : Cassell, [1944]$w(OCoLC)891760033
988   $a20020608
906   $0MH

