LEADER 00981cam a2200277I  4500
001 004000215-2
005 20070901105624.0
008 760220s1930    be f          000 0 fre  
010   $a   31022806 
035 0 $aocm02004230
040   $aDLC$cOSU$dOCL$dHTV
050   $aDT62.T6$bW3
050   $aDT62.T6$bW3 1930
100 1 $aWalle, Baudouin van de.
245 13$aLe mastaba de Neferirtenef aux Musées royaux d'art et d'histoire à Bruxelles (Parc du cinquantenaire)$cNotice sommaire.
246 3 $aNeferirtenef, Le mastaba de.
260   $aBruxelles,$bÉdition de la Fondation égyptologique reine Élisabeth,$c1930.
300   $a71 p.$bVI pl. on 4 l. (part fold.)$c24 cm.
500   $aAt head of title: B. van de Walle.
504   $a"Bibliographie": p. 7.
650  0$aTombs$zEgypt.
651  0$aEgypt$xAntiquities.
710 2 $aMusées royaux d'art et d'histoire (Belgium)
710 2 $aFondation égyptologique reine Élisabeth.
988   $a20020608
906   $0DLC

