LEADER 01062cam a2200289I  4500
001 004000216-0
005 20061130132750.0
008 760220s1962    fr a          000 0bfre  
010   $a   63032547 /L
035 0 $aocm27832202
035 0 $aocm02004290
040   $aDLC$cVA@$dSER$dHLS
043   $af-ae---
050 0 $aDT295.3.B6$bB4
100 1 $aBeauvoir, Simone de,$d1908-1986.
245 00$aDjamila Boupacha /$c[par] Simone de Beauvoir [et] Gisèle Halimi. Témoignages d'Henri Alleg [et al.] Portrait original de Picasso. Hommage des peintres Lapoujade et Matta.
260   $a[Paris]$bGallimard$c[1962]
300   $a280 p. :$billus. ;$c21 cm.
600 10$aBoupacha, Djamila.
651  0$aAlgeria$xHistory$yRevolution, 1954-1962.
651  0$aAlgeria$xHistory$x1945-1962.
655  7$aHistory.$2fast
700 1 $aHalimi, Gisèle.
776 08$iOnline version:$aBeauvoir, Simone de, 1908-1986.$tDjamila Boupacha.$d[Paris] : Gallimard, ©1962$w(OCoLC)815409183
830  0$aMichigan State University africana.
988   $a20020608
906   $0DLC

