LEADER 01173nam a2200313I  4500
001 004000217-9
005 20020606095253.2
008 760224s1907    gw cf         000 0 ger  
010   $a   33019868 
035 0 $aocm02009619
040   $aDLC$cDRB$dDRB$dHLS
043   $ae-fr---
050 0 $aHX704.F9$bB3 1907
100 1 $aBebel, August,$d1840-1913.
245 10$aCharles Fourier,$bsein Leben und seine Theorien,$cvon A. Bebel. Mit einem Porträt Fouriers und einer Abbildung des Phalanstères.
250   $a3. Aufl.
260   $aStuttgart, J. H. W. Dietz nachf., 1907.
300   $axvi, 271 p.$bport. fold. pl.$c20 cm.
490 0 $aInternationale bibliothek ;$v6
600 10$aFourier, Charles,$d1772-1837.
600 10$aFourier, Charles,$d1772-1837$xCriticism and interpretation.
650  0$aUtopian socialism$xHistory.
650  0$aSocialists$zFrance$vBiography.
655  7$aBiography.$2fast
655  7$aCriticism, interpretation, etc.$2fast
655  7$aHistory.$2fast
776 08$iOnline version:$aBebel, August, 1840-1913.$tCharles Fourier.$b3. Aufl.$dStuttgart : J.H.W. Dietz nachf., 1907$w(OCoLC)894098086
988   $a20020608
906   $0DLC

