LEADER 00962cam a2200265I  4500
001 004000218-7
005 20070901105624.0
008 760226s1956    it            000 0 ita  
010   $aa  57003194 
035 0 $aocm02015756
040   $aDLC$cTJC$dOCL$dHTV
050  4$aNB1255.I8$bM37
100 1 $aMarchetti, Giuseppe,$d1902-1966.
245 03$aLa scultura lignea nel Friuli$c[di] Giuseppe Marchetti [e] Guido Nicoletti.
260   $aMilano,$bSilvana editoriale d'arte$c[1956]
300   $a373 p.$bmounted illus., 187 plates (16 col.)$c26 cm.
504   $aBibliography: p. 137-141.
650  0$aSculpture$zItaly$zFriuli.
650  0$aWood-carving, Italian.
650  0$aSculpture$zFriuli.
700 1 $aNicoletti, Guido,$ejoint author.
700 1 $aNicoletti, Guido,$eauthor.
776 08$iOnline version:$aMarchetti, Giuseppe.$tScultura lignea nel Friuli.$dMilano, Silvana editoriale d'arte [1956]$w(OCoLC)742861175
988   $a20020608
906   $0DLC

