LEADER 00835nam a2200229Ii 4500
001 004000219-5
005 20070901105624.0
008 760226s1964    enka     c    001 0 eng d
035 0 $aocm02016251
040   $aYUS$cYUS$dHTV
110 2 $aNational Trust (Great Britain)
245 10$aUpton House :$bThe Bearsted Collection : pictures.
260   $a[London] :$bThe National Trust,$c1964.
300   $a86 p., [6] leaves of plates :$bill. ;$c26 cm.
500   $a"This edition of the catalogue ... is a revision of the one compiled by the 2nd Lord Bearsted ... in 1950."
500   $aIncludes indexes.
500   $aErrata slip inserted.
600 10$aBearsted, Walter Horace Samuel,$c2d Viscount,$d1888-1948$xArt collections.
650  0$aUpton House (Warwickshire)
610 20$aUpton House (England)
988   $a20020608
906   $0OCLC

