LEADER 00579cam a2200205I  4500
001 004000220-9
005 20020606095253.2
008 760301s1793    enk           000 0 engx 
010   $a   04028992 
035 0 $aocm02021459
040   $aDLC$cIQU$dHLS
050 0 $aDP48$b.B38
100 1 $aBeawes, Wyndham.
245 12$aA civil, commercial, political, and literary history of Spain and Portugal.$cBy the late Wyndham Beawes.
260   $aLondon,$bR. Faulder [etc.]$c1793.
300   $a2 v. in 1.$c39 cm.
651  0$aSpain.
651  0$aPortugal.
988   $a20020608
906   $0DLC

