LEADER 00693cam a2200205I  4500
001 004000221-7
005 20070901105624.0
008 760303s1945    fr f          000 0 fre c
010   $aa  46002540 
035 0 $aocm02028567
040   $aYale Univ. Library$cKSU$dSER$dOCL$dHTV
100 1 $aRodin, Auguste,$d1840-1917.
245 10$aA la Vénus de Milo.$cPréface de A.-H. Martinie.
260   $aParis,$bLa Jeune Parque$c[1945]
300   $a2 p. ℓ., xi, [1], 20, [1] p., 3 ℓ.$bcol. front., col. plates.$c25 cm.
500   $aIllustrated with reproductions of Rodin's water colors.
630 00$aVenus de Milo.
700 1 $aMartinie, A.-H.$q(A.-Henri),$d1881-
988   $a20020608
906   $0OCLC

