LEADER 00827nam a2200229I  4500
001 004000222-5
005 20100527111127.0
008 760303s1851    xx            000 0 eng u
010   $a   10034501 
035 0 $aocm02028593
040   $cADA$dHLS
050  4$aE185.5$b.S5
100 1 $aBeecher, Charles,$d1815-1900.
245 14$aThe duty of disobedience to wicked laws :$bA sermon on the fugitive slave law /$cBy Charles Beecher.
260   $aNew York :$bJ.A. Gray, printer,$c1851.
300   $a22 p.$c23 cm.
610 10$aUnited States.$tFugitive slave law (1850)
650  0$aFugitive slaves$vSermons.
655  7$aSermons$y1851.$2rbgenr
776 08$iOnline version:$aBeecher, Charles, 1815-1900.$tDuty of disobedience to wicked laws.$dNew York, J.A. Gray, printer, 1851$w(OCoLC)794822192
988   $a20020608
906   $0MH

