LEADER 00698cam a2200217I  4500
001 004000223-3
005 20110215183208.0
008 760303s1855    xx            000 0 eng u
010   $a   11008414 
035 0 $aocm02028614
040   $cADA$dOCL$dHLS
100 1 $aBeecher, Charles,$d1815-1900.
245 14$aThe God of the Bible against slavery.$cBy Rev. Charles Beecher.
260   $a[New York,$bAmerican anti-slavery society,$c1855]
300   $a11 p.$c19 cm.
490 0 $aAnti-slavery tracts,$vno. 17
500   $aCaption title.
650  0$aSlavery$zUnited States$xControversial literature.
830  0$aSlavery and anti-slavery: a transnational archive$5net
988   $a20020608
906   $0MH

