LEADER 00791cam a2200205Ii 4500
001 004000224-1
005 20100420171203.0
008 760308s1907    enkcfh        000 0 eng d
035 0 $aocn156765128
035 0 $aocm02036533
040   $aGUA$cGUA$dOCL$dHLS
090   $aDG848.37.C3$bB4 1907
100 1 $aBearne, Catherine Mary Charlton,$d-1923.
245 12$aA sister of Marie Antionette :$bthe life-story of Maria Carolina, queen of Naples /$cby Catherine Bearne. With thirty-two illustrations.
260   $aLondon :$bT. Fisher Unwin,$c1907.
300   $axx, 437 p., :$bfront., plates, ports., plan, facsims. ;$c21cm.
600 00$aMaria Carolina,$cQueen, consort of Ferdinand I, King of the Two Sicilies,$d1752-1814.
651  0$aNaples (Kingdom)$xHistory.
988   $a20020608
906   $0OCLC

