LEADER 00693nam a2200205Ii 4500
001 004000225-X
005 20070901105625.0
008 760312s1972    it            000 0 ita d
035 0 $aocm02045642
040   $aOBE$cOBE$dHTV
100 1 $aCantelli, Giuseppe.
245 10$aDisegni di Francesco Furini :$be del suo ambiente /$cIntrod. e catalogo di Giuseppe Cantelli.
260   $aFirenze :$bOlschki,$c1972.
300   $a77 p., 66 ill.$c24cm.
490 1 $aGabinetto disegni e stampe degli Uffizi,$v36
600 10$aFurini, Francesco,$d1603-1646.
700 1 $aFurini, Francesco,$d1603-1646.
830  0$aCataloghi (Gabinetto disegni e stampe degli Uffizi) ;$v36.
988   $a20020608
906   $0OCLC

