LEADER 00770nam a2200241Ii 4500
001 004000226-8
005 20080930110025.0
008 760312s1861    fr            000 0 fre d
035 0 $aocm02046231
040   $aCPL$cCPL$dHLS
050  4$aBJ1471$b.B37 1861x
090   $aBJ1471$b.B37 1861x
100 1 $aBautain, L.$q(Louis),$d1796-1867.
245 13$aLa conscience :$bou, La règle des actions humaines /$cpar M. L. Bautain.
246 3 $aRègle des actions humaines.
250   $a[2. ed.]
260   $aParis :$bDidier,$c1861.
300   $a448 p. ;$c23 cm.
650  0$aConscience.
650  0$aEthics.
776 08$iOnline version:$aBautain, L. (Louis), 1796-1867.$tConscience.$b[2. ed.].$dParis : Didier, 1861$w(OCoLC)793693784
988   $a20020608
906   $0OCLC

