LEADER 00489nam a2200181Ii 4500
001 004000227-6
005 20080930110014.0
008 760312s1866    fr            000 0 fre d
035 0 $aocm02046266
040   $aCPL$cCPL$dHLS
090   $aBJ1059$b.B35x
100 1 $aBautain, L.$q(Louis),$d1796-1867.
245 10$aManuel de philosophie morale /$cpar M. L. Bautain.
260   $aParis :$bL. Hachette,$c1866.
300   $aiv, 440 p. ;$c18 cm.
650  0$aEthics.
988   $a20020608
906   $0OCLC

