LEADER 00587cam a2200205I  4500
001 004000229-2
005 20020606095253.2
008 760319s1959    xx            000 0 fre c
010   $aa  61000950 
035 0 $aocm02059981
040   $aRochester. Univ. Libr.$cSBM$dHLS
050 0 $aF1030
100 1 $aBégin, Émile
245 10$aFrançois de Laval.$cPréf. de Jean-Marie Fortier.
260   $aQuébec,$bPresses universitaires, Laval,$c1959.
300   $a222 p.$billus.
504   $aBibliography : p. 211.
600 10$aLaval, François de,$d1623-1708.
988   $a20020608
906   $0OCLC

