LEADER 00606nam a2200217Ii 4500
001 004000230-6
005 20020606095253.2
008 760323s1934    at            000 0 eng  
010   $a   35004788 
035 0 $aocm02063495
040   $aDLC$cTLM$dHLS
082   $a821.91
090   $aPR6003.A989$bL6 1934
100 1 $aBaylebridge, William,$d1887-1942.
245 10$aLove redeemed /$cby William Baylebridge.
260   $aSydney :$bTallabila Press,$c1934.
300   $a139 p. ;$c24 cm.
500   $aSonnets.
500   $aThe date in imprint changed in manuscript to 1935.
988   $a20020608
906   $0DLC

