LEADER 00842nam a2200241Ia 4500
001 004000231-4
005 20020606095253.2
008 760329s1936    nyua          000 0 eng u
035 0 $aocm02077905
040   $cVA@$dHLS$dHMM
043   $an-us-ny
090   $aTX941.R5$bB4
100 1 $aBeebe, Lucius Morris,$d1902-1966.
245 14$aThe Ritz idea :$bthe story of a great hotel /$cby Lucius Beebe.
260   $a[New York] :$bRitz-Carlton Hotel Corp.,$c1936.
300   $a[22] p. :$bill. (some col.) ;$c21 cm.
500   $a"Privately printed."
610 20$aRitz-Carlton Hotel (New York, N.Y.)
650  0$aHotels$zNew York (State)$zNew York.
650  0$aBars (Drinking establishments)$zNew York (State)$zNew York.
830  0$aHarvard College Library preservation microfilm program 2001 ;$v07165.$5mmf
988   $a20020608
906   $0MH

