LEADER 01034cam a2200277I  4500
001 004000233-0
005 20090712174404.0
008 760331s1959    enka          001 0aeng  
010   $a   59002411 
015   $aGB59-7539
035 0 $aocm02083283
040   $aDLC$cGUA$dGUA$dOCL$dUKM$dHLS
050 0 $aDA690.W84$bB4
082   $a923.242
100 1 $aBedford, John Robert Russell,$cDuke of,$d1917-
245 12$aA silver-plated spoon.
260   $aLondon,$bCassell$c[1959]
300   $a246 p.$billus.$c22 cm.
500   $aAutobiographical.
520   $aTh Russell family (part of the English nobility as the Dukes of Bedford) of Woburn Abbey, Bedfordshire, England between the 1400s and 1959.
600 10$aBedford, John Robert Russell,$cDuke of,$d1917-
610 20$aWoburn Abbey.
600 10$aBedford, John Robert Russell,$cDuke of,$d1917-2002.
776 08$iOnline version:$aBedford, John Robert Russell, Duke of, 1917-$tSilver-plated spoon.$dLondon, Cassell [1959]$w(OCoLC)557981774
988   $a20020608
906   $0DLC

