LEADER 01016cam a2200229I  4500
001 004000234-9
005 20071015202558.0
008 760401s1930    enk           000 0 eng d
035 0 $aocm02084464
040   $aITD$cITD$dHTV
043   $aa-ii---
050  4$aDS421$b.Y4
100 1 $aYeats-Brown, Francis,$d1886-1944.
245 10$aBengal Lancer,$cby F. Yeats-Brown.
260   $aLondon,$bV. Gollancz ltd.,$c1930.
300   $a288 p.$c23 cm.
500   $aAutobiography of a British cavalry officer in pre-war India and on the western front, who later became a member of the Royal flying corps in Mesopotamia. The closing chapters concern his subsequent travels in medium of his own personal experience.
500   $aAmerican edition (New York, The Viking press) has title: The lives of a Bengal lancer.
651  0$aIndia$xSocial life and customs.
776 08$iOnline version:$aYeats-Brown, Francis, 1886-1944.$tBengal Lancer.$dLondon, V. Gollancz Ltd., 1930$w(OCoLC)904047707
988   $a20020608
906   $0OCLC

