LEADER 02018cam a2200349 i 4500
001 004000235-7
005 20020606095253.2
008 760303r19751761paua     b    000 0 eng  
010   $a   75023405 
020   $a0827600763 :$c$20.00
035 0 $aocm02090826
040   $aDLC$cDLC$dOCL$dHLS
041 0 $aengheb
043   $an-us---
050 0 $aBM205$b.B38
082   $a296.3/0973
245 00$aBeginnings, early American Judaica :$ba collection of ten publications, in facsimile, illustrative of the religious, communal, cultural & political life of American Jewry, 1761-1845 /$cintroduced by Abraham J. Karp.
260   $aPhiladelphia :$bJewish Publication Society of America,$c[1975]
300   $a1 case (11 v.) :$bill. ;$c25 cm.
500   $aTitle from case.
500   $aEnglish or Hebrew.
500   $aReprint of 10 publications published between 1761 and 1845 by various publishers.
504   $aIncludes bibliography.
505 0 $aKarp, A. J. Beginnings, early American Judaica, 1st ed.--1. Evening service of Roshashanah and Kippur.--2. Karigal, H. I. A sermon preached at the synagogue in Newport, Rhode Island.--3. Seixas, G. Discourse delivered in the synagogue in New York.--4. Moses, M. An oration delivered before the Hebrew Orphan Society.--5. Governor Worthington's speech on the Maryland Test act.--6. Service for the two first nights of the Passover.--7. Persecution of the Jews in the East.--8. The Occident and American Jewish advocate, a monthly periodical, April, 1843--9. Teachers' and parents' assistant by an American Jewess.--10. Noah, M. M. Discourse on the restoration of the Jews.
650  0$aJudaism$zUnited States$xHistory$xSources.
650  0$aJews$zUnited States$xHistory$xSources.
655  7$aHistory.$2fast
655  7$aSources.$2fast
700 1 $aKarp, Abraham J.
776 08$iOnline version:$tBeginnings, early American Judaica.$dPhiladelphia : Jewish Publication Society of America, [1975]$w(OCoLC)558901680
988   $a20020608
906   $0DLC

