LEADER 01073cam a2200289   4500
001 004000236-5
005 20020606095253.2
008 741018r19721877oncabc        000 0 eng  
010   $a   74178034 /MAP/r862
015   $aC72-3320
035 0 $aocm02096375
040   $aDLC$cDLC$dHLS
043   $an-cn-on
050 0 $aG1148.O5$bB4 1972b
082   $a911/.713/55
110 2 $aJ.H. Beers & Co.
245 10$aIllustrated historical atlas of the County of Ontario, Ont.,$ccompiled, drawn and published from personal examinations and surveys by J. H. Beers & Co.
246 3 $aHistorical atlas of Ontario County, Ontario.
250   $a[Offset ed.]$bToronto, 1877.
260   $a[Owen Sound, Ont.,$bPrinted by Richardson, Bond & Wright,$c1972]
300   $a76 p.$billus., maps, ports.$c46 cm.
500   $aCover title: Historical atlas of Ontario County, Ontario; illustrated.
650  0$aReal property$zOntario$zOntario (County)$xMaps.
651  0$aOntario (Ont. : County)$xMaps.
651  0$aOntario (Ont. : County)$xHistory.
988   $a20020608
906   $0DLC

