LEADER 00871nam a2200253I  4500
001 004000237-3
005 20090712174405.0
008 760406s1919    nyu           000 0 eng  
010   $a   19012649 
035 0 $aocm02097499
035 0 $aocm02097499$zocm03701725
040   $aDLC$cTOL$dHLS$dMH-L
050 0 $aHG9209$b.B3
100 1 $aBasye, Walter.
245 10$aHistory and operation of fraternal insurance,$cby Walter Basye.
260   $aRochester, N. Y.,$bThe Fraternal monitor$c[c1919]
300   $a224 p.$bfront. (port.)$c20 cm.
504   $aBibliography: p. 8.
650  0$aAssessment insurance.
650  0$aFraternal organizations.
710 2 $aFraternal monitor.
776 08$iOnline version:$aBasye, Walter.$tHistory and operation of fraternal insurance.$dRochester, N.Y. : Fraternal monitor, ©1919$w(OCoLC)613964258
988   $a20020608
906   $0DLC

