LEADER 00778nam a2200253I  4500
001 004000238-1
005 20070901105625.0
008 760408s1928    gw            000 0 ger  
010   $a   31002516 
035 0 $aocm02100638
040   $aDLC$cJHE$dHTV
050 0 $aN5350$b.S85
050 0 $aN5350$b.S85 1928
082   $a709.32
100 1 $aSteindorff, Georg,$d1861-1951.
245 14$aDie Kunst der Ägypter;$bBauten, Plastik, Kunstgewerbe,$cvon Georg Steindorff; mit 17 Abbildungen im Text und 200 Bildtafeln.
260   $aLeipzig,$bInsel-Verlag,$c1928.
300   $a328 p., 2 l. incl. illus., plates.$c27 cm.
650  0$aArt$zEgypt.
650  0$aArchitecture$zEgypt.
650  0$aSculpture$zEgypt.
651  0$aEgypt$xAntiquities.
988   $a20020608
906   $0DLC

