LEADER 00608nam a2200217I  4500
001 004000239-X
005 20020606095253.2
008 760408s1934    enkf          000 0 eng  
010   $a   34040696 
035 0 $aocm02101042
040   $aDLC$cITD$dHLS
050 0 $aDS374.K5$bB3
082   $a958.1
100 1 $aBayley, Victor,$d1880-
245 10$aPermanent way through the Khyber,$cby Victor Bayley.
260   $aLondon,$bJarrolds limited,$c1934.
300   $a287 p.$bfront., plates.$c24 cm.
610 20$aKhyber Railway.
651  0$aKhyber Pass (Afghanistan and Pakistan)
988   $a20020608
906   $0DLC

