LEADER 00615cam a2200217I  4500
001 004000240-3
005 20061130132912.0
008 760413c19601959nyua          000 0beng d
010   $a   61000476 
035 0 $aocm02109424
040   $aCIN$cCIN$dSER$dHLS
041 1 $aengund
050 0 $aPN2638.B25$bB4
082   $a927.92
100 1 $aBeauvoir, Simone de,$d1908-1986.
245 00$aBrigitte Bardot and the Lolita syndrome /$c[Translated by Bernard Fretchman]
260   $aNew York :$bReynal$c[1960, c1959]
300   $a37 p. :$billus. ;$c19 cm.
600 10$aBardot, Brigitte.
988   $a20020608
906   $0OCLC

