LEADER 00555cam a2200205Ii 4500
001 004000242-X
005 20020606095253.2
008 760423s1921    enk           000 0 eng d
035 0 $aocm02133405
040   $aGUA$cGUA$dOCL$dHLS
050  4$aHF5386$b.B32 1921
090   $aHF5386$b.B32 1921
100 1 $aBeaverbrook, Max Aitken,$cBaron,$d1879-1964.
245 10$aSuccess /$cby Lord Beaverbrook.
250   $a2d ed.
260   $aLondon :$bStanley Paul and Co.,$c[1921]
300   $a122 p. ;$c20 cm.
650  0$aSuccess.
988   $a20020608
906   $0OCLC

