LEADER 00823nam a2200205I  4500
001 004000245-4
005 20041220140209.0
008 760427s1896    enkc          000 0 eng  
010   $a   01005166 
035 0 $aocm02143184
040   $aDLC$cGUA$dHLS
090   $aDA687.M3$bB3
100 1 $aBeavan, Arthur H.$q(Arthur Henry),$d1844-1907.
245 10$aMarlborough house and its occupants,$bpresent and past,$cby Arthur H. Beavan. Illustrated with drawings by Holland Tringham, R. B. A. and photographic views taken by the special permission of His Royal Highness the Prince of Wales, K. G.
260   $aLondon,$bF. V. White,$c1896.
300   $a312 p.$bfront., pl., port.$c22 cm.
600 00$aEdward$bVII,$cKing of Great Britain,$d1841-1910.
610 20$aMarlborough House (London, England)
988   $a20020608
906   $0DLC

