LEADER 01268cam a2200241I  4500
001 004000246-2
005 20020606095253.2
008 760503s1895    fr            000 0 fre d
035 0 $aocm02153606
040   $aEWF$cEWF$dHLS
090   $aPN2634$b.B4x
100 1 $aBecque, Henry,$d1837-1899.
245 10$aSouvenirs d'un auteur dramatique.
260   $aParis :$bBibliothèque artistique et littéraire,$c1895.
300   $a4 p. ℓ., [1] 8-230 p., 2 ℓ.$c19 cm.
500   $aAt head of title: Henry Becque.
500   $a"Ce volume fait suite aux Querelles littéraires qui ont paru en 1890."
505 0 $aL'Enfant prodigue.-Les corbeaux.-La Navette.-Les honnêtes femmes.-La Parisienne.-Brelan de confrères.-Le klephte.-La bouche du coche.-Sarcey, critique théâtral.-Sarcey à l'Académie.-L'invitée.-Sous la coupole.-Les manuscrits.-La fin du théâtre.-Les professeurs au théâtre.-Leur sacerdoce.-La vieille critique.-Candidats académiques. Sinécures.-Une fête littéraire.-Victorien Sardou.-Ma candidature.-Les jeunes gens.-Un cliché.-Deux préfaces, 1882-1887.-La Société des auteurs et compositeurs dramatiques.
650  0$aTheater$zFrance$zParis$xHistory.
650  0$aDrama.
650  0$aAuthors, French.
988   $a20020608
906   $0OCLC

