LEADER 00806nam a2200217Ii 4500
001 004000247-0
005 20070901105625.0
008 760505s1886    sp            000 0 spa d
035 0 $aocm02159251$zocm26484436
035 0 $aocm02159251
040   $aXFM$cXFM$dDRB$dHTV
041 1 $aspa$hfre
100 1 $aLe Bon, Gustave,$d1841-1931.
240 10$aCivilisation des Arabes.$lSpanish
245 13$aLa civilazación de los Arabes /$cObra traducida por Luis Carreras e ilustrada con preciosos grabados intercalados en el texto, tomados de las fotografias del autor y de los documentos más auténticos.
260   $aBarcelona :$bMontaner y Simon$c1886.
300   $aviii, 328 p. :$bill. ;$c31 cm.
650  0$aCivilization, Arab.
700 1 $aCarreras, Luis,$d1840-1888,$etr.
988   $a20020608
906   $0OCLC

