LEADER 00826nam a2200253I  4500
001 004000248-9
005 20020606095253.2
008 760506s1934    mou      b    000 0 eng c
010   $a   35009547 
035 0 $aocm02161760
040   $aDlC$cCIN$dHLS
050   $aLB1051$b.B3 1934
100 1 $aBedell, Ralph Clairon,$d1904-
245 04$aThe relationship between the ability to recall and the ability to infer in specific learing situations,$cby Ralph CLairon Bedell.
260   $aKirksville,$bMo., The Journal printing company,$c1934.
300   $a55, p.,$c23 cm.
500   $aVita.
502   $aThesis (P.H.D.) University of Missouri, 1934.
504   $a"Selected bibliography" : p. [56]
650  0$aLearning, Psychology of.
650  0$aAbility$xTesting.
650  0$aMemory.
988   $a20020608
906   $0OCLC

