LEADER 00734nam a2200253 i 4500
001 004000249-7
005 20070901105625.0
008 760402s1921    au       b    000 0 ger  
010   $a   76457022 
035 0 $aocm06429539
035 0 $aocm02165477
040   $aDLC$cDLC$dHTV
050 0 $aBF173$b.F6619 1921
100 1 $aFreud, Sigmund,$d1856-1939.
245 10$aMassenpsychologie und Ich-Analyse /$cvon Sigm. Freud.
260   $aWien :$bInternationaler Psychoanalytischer Verlag,$c1921.
300   $a140 p. ;$c22 cm.
504   $aIncludes bibliographical references.
650  0$aPsychoanalysis.
650  0$aSocial psychology.
650  0$aEgo (Psychology)
752   $aAustria$dVienna.
988   $a20020608
906   $0DLC

