LEADER 00865nam a2200253I  4500
001 004000251-9
005 20120403133738.0
008 760511s1924    xx            000 0 eng  
010   $a   24002878 
035 0 $aocm02170280
040   $aDLC$cTOL$dHLS
050 0 $aHV676$b.A2B4
100 1 $aBeard, Harriet Elizabeth,$d1875-
245 10$aSafety first for school and home,$cby Harriet E. Beard ...
260   $aNew York,$bThe Macmillan company,$c1924.
300   $aviii, 223 p.$billus.$c20 cm.
500   $aMusic: 212-214.
504   $aBibliography: p. 215-216.
650  0$aAccidents$xPrevention.
650  0$aChildren's accidents$xPrevention.
650  0$aSafety education.
776 08$iOnline version:$aBeard, Harriet Elizabeth, 1875-$tSafety first for school and home.$dNew York, Macmillan Co., 1925$w(OCoLC)551316319
988   $a20020608
906   $0DLC

