LEADER 00936cam a2200253Ii 4500
001 004000252-7
005 20020606095253.2
008 760512s1916    enkab         000 0 eng d
035 0 $aocm02172435
040   $aGUA$cGUA$dOCL$dHLS
043   $ae-be---$an-cn---
050  4$aD547.C2$bB4 1916a
090   $aD547.C2$bB4 1916a
100 1 $aBeaverbrook, Max Aitken,$cBaron,$d1879-1964.
245 10$aCanada in Flanders /$cby Sir Max Aitken, m. p., with a preface by the Rt. Hon. A. Bonar Law, and an introduction by the Rt. Hon. Sir Robert Borden.
250   $a[13th ed.]
260   $aLondon :$bHodder and Stoughton,$c1916.
300   $axi, 243 p. :$bill., maps. ;$c20cm.
440  4$aThe official story of the Canadian expeditionary force,$vv. 1
610 10$aCanada.$bCanadian Army.
650  0$aWorld War, 1914-1918$xCampaigns$zBelgium.
650  0$aWorld War, 1914-1918$xRegimental histories.
988   $a20020608
906   $0OCLC

