LEADER 00876nam a2200253I  4500
001 004000253-5
005 20020606095253.2
008 760518s1931    fr            000 0 fre  
010   $a   31035028 
035 0 $aocm02180181
040   $aDLC$cCWR$dHLS
043   $ae-fr---
050 0 $aPC2025$b.E8 no.24
082   $a(440.8)$a370.944
100 1 $aBédé, Jean Albert.
245 13$aLe problème de l'école unique en France,$cpar Jean Albert Bédé.
246 3 $aEcole unique en France.
260   $aParis,$bSociété d'édition "Les Belles lettres"$c[1931]
300   $a97 p.$c20 cm.
490 0 $aÉtudes françaises ... 24. cahier
650  0$aEducation$zFrance.
776 08$iOnline version:$aBédé, Jean Albert.$tProblème de l'école unique en France.$dParis, Société d'édition "Les Belles lettres" [1931]$w(OCoLC)651751977
988   $a20020608
906   $0DLC

