LEADER 00766cam a2200253I  4500
001 004000254-3
005 20120712135424.0
008 760525s1956    it       b    000 0 ita c
010   $aa  57002934 
035 0 $aocm02192458
040   $aHarvard UNiv. Library$cISB$dSER$dHTV
050 0 $aNC255$b.G7
050 0 $aNC255$b.G7 1956
100 1 $aGrassi, Luigi,$d1913-
245 13$aIl disegno italiano dal Trecento al Seicento.
260   $aRoma,$bEdizioni dell'Ateneo$c[1956]
300   $a263 p. (p. [147]-[250] plates)$c25 cm.
490 1 $aNuovi saggi ;$v18
504   $aIncludes bibliographical references.
650  0$aDrawing, Italian.
650  0$aDrawing.
830  0$aNuovi saggi (Edizioni dell'Ateneo, S.p.A.) ;$v18.
988   $a20020608
906   $0OCLC

