LEADER 01213cam a2200277Ia 4500
001 004000255-1
005 20131129020619.0
008 760604s1853    enka          000 0 eng  
010   $a   15006003 
035 0 $aocm02211234
040   $aDLC$cLZU$dOCL$dPIT$dHLS
043   $anwht---
050   $aF1923$b.T7
100 1 $aBeard, J. R.$q(John Relly),$d1800-1876.
245 14$aThe life of Toussaint L'Ouverture :$bthe negro patriot of Hayti ; comprising an account of the struggle for liberty in the island, and a sketch of its history to the present period /$cby the Rev. John R. Beard.
260   $aLondon :$bIngram, Cooke, and Co.,$c1853.
300   $axi, 335 p., [6] p. of plates :$bill., map ;$c19 cm.
500   $aAdded t.-p., illustrated.
504   $aIncludes bibliographical references.
600 10$aToussaint Louverture,$d1743?-1803.
651  0$aHaiti$xHistory$yRevolution, 1791-1804.
776 0 $cElectronic reproduction$w(OCoLC)191672028
776 08$iOnline version:$aBeard, J.R. (John Relly), 1800-1876.$tLife of Toussaint L'Ouverture, the negro patriot of Hayti.$dLondon : Ingram, Cooke, and Co., 1853$w(OCoLC)758992650
830  0$aLLMC Digital$5net
988   $a20020608
906   $0DLC

