LEADER 00614nam a2200193Ii 4500
001 004000256-X
005 20090520090551.0
008 760604s1889    fr            000 0 fre d
035 0 $aocm23426828
035 0 $aocm02211264
040   $aYSM$cYSM$dHTV
100 1 $aRocheblave, S.$q(Samuel),$d1854-1944.
245 00$aEssai sur le comte de Caylus, l'homme, l'artiste, l'antiquaire /$cpar Samuel Rocheblave.
260   $aParis :$bHachette,$c1889.
300   $axv, 384 p. ;$c21 cm.
504   $aBibliographical footnotes.
600 10$aCaylus, Anne Claude Philippe,$ccomte de,$d1692-1765.
988   $a20020608
906   $0OCLC

