LEADER 00678cam a2200229I  4500
001 004000257-8
005 20070901105626.0
008 760607c19711957nju           000 0 eng d
020   $a0691012989 (pbk.)
020   $a0691060045 (hdc.)
035 0 $aocm02215223$zocm05993335
035 0 $aocm02215223
040   $aIAI$cIAI$dOCL$dHTV
100 1 $aFrye, Northrop.
245 10$aAnatomy of criticism :$bfour essays /$cNorthrop Frye.
260   $aPrinceton :$bPrinceton University Press,$c[1971, c1957]
300   $ax, 383 p. ;$c22 cm.
490 0 $aPrinceton paperbacks,$v234
500   $a"First Princeton paperback ed."
650  0$aCriticism.
988   $a20020608
906   $0OCLC

