LEADER 01724cam a22003131  4500
001 004000258-6
005 20100413103745.0
008 751006s1952    nyuac         000 0 eng  
010   $a   52008254 
035 0 $aocm02220612
040   $aDLC$cCMC$dDLC$dOCL$dHLS
043   $an-us---
050 0 $aHE2751$b.B4
082   $a385.1*
100 1 $aBeebe, Lucius Morris,$d1902-1966.
245 10$aHear the train blow :$ba pictorial epic of America in the railroad age /$c[by] Lucius Beebe and Charles Clegg. With ten original drawings by E. S. Hammack and 860 illus.
250   $a[1st ed.]
260   $aNew York :$bDutton,$c1952.
300   $a407 p.$billus., ports.$c29 cm.
505 0 $aCars along the canals -- Spokes of the hub -- The panter from his lair -- Away you rolling river -- War rides the cars -- Plains without rails -- Longhorns -- Toward Promontory -- Zulu no jug -- The railroad West -- Folklore -- Narrow gage -- Sounds of strife -- Rails of gold and silver -- Car robbers and bindle stiffs -- The open switch -- The fast mail -- By the seashore, in the mountains -- Amenities of the cars -- Private varnish -- Fin de siecle.
520   $aIncludes information on Promontory Point, the Pacific Railroad, the Union Pacific Railroad, The Central Pacific Railroad, the transcontinental railroad, etc.
650  0$aRailroads$zUnited States$xHistory.
650  0$aTransportation$zUnited States$xHistory.
655  7$aHistory.$2fast
700 1 $aClegg, Charles,$d1916-1979.
700 1 $aClegg, Charles,$d1916-1979,$eauthor.
776 08$iOnline version:$aBeebe, Lucius Morris, 1902-1966.$tHear the train blow.$b[1st ed.].$dNew York, Dutton, 1952$w(OCoLC)654665798
988   $a20020608
906   $0DLC

