LEADER 00889cam a2200217Ii 4500
001 004000259-4
005 20020606095253.2
008 760610s1884    fr a          000 0 fre d
035 0 $aocm02221312
040   $aVRC$cVRC$dHTV
090   $aPT2378$b.Z44 1884
100 1 $aKleist, Heinrich von,$d1777-1811.
245 13$aLa cruche cassée,$bcomédie en un acte,$cpar Henri de Kleist. Traduite de l'Allemand par Alfred de Lostalot. Avec 34 illustrations gravées sur bois, d'après les compositions originales de Adolphe Menzel.
260   $aParis,$bFirmin-Didot,$c1884.
300   $a77 p.$billus., plates.$c40 cm.
500   $a"Il a été tiré de cet ouvrage 50 exemplaires sur Japon, numérotés 1 à 50. No. 33."
500   $aTranslation of "Der zer brochene Krug."
690  9$aBiography Menzel &.$5ber
700 1 $aMenzel, Adolph,$d1815-1905,$eillus.
988   $a20020608
906   $0OCLC

