LEADER 00888cam a2200265I  4500
001 004000260-8
005 20070901105626.0
008 760614s1929    enkabef       001 0 eng  
010   $a   30021424 
035 0 $aocm02225947
040   $aDLC$cGUA$dGUA$dSER$dHTV
050 0 $aNA950$b.B5 1929
082   $a709.4
100 1 $aBlomfield, Reginald Theodore,$cSir,$d1856-1942.
245 10$aByways :$bleaves from an architect's note-book /$cby Reginald Blomfield.
260   $aLondon :$bJ. Murray,$c[1929]
300   $axii, 299 p. :$bill., plans, fold. map ;$c23 cm.
500   $aErrata slip inserted after p. xii.
504   $aIncludes bibliographical references and index.
650  0$aArchitecture$zEurope.
650  0$aArchitecture, Baroque.
650  0$aArchitecture, Renaissance.
600 10$aBlomfield, Reginald Theodore,$cSir,$d1956-1942.
988   $a20020608
906   $0DLC

