LEADER 01419cam a2200301I  4500
001 004000261-6
005 20020606095253.2
008 760617s1833    enkaf         000 0 eng  
010   $a   02013565 
035 0 $aocm02233021
040   $aDLC$cJHE$dNYP$dHLS
043   $anw-----
050 0 $aF2131$b.B35
100 1 $aBayley, F. W. N.$q(Frederic William Naylor),$d1808-1853.
245 10$aFour years' residence in the West Indies,$bduring the years 1826, 7, 8, and 9.$cBy the son of a military officer.
250   $a3d ed., enl. ...$bTo which is now added a faithful narrative, derived from official documents and private letters, of the dreadful hurricanes in Barbados, St. Vincent, and St. Lucia, in August, M.DCCC.XXXI.
260   $aLondon,$bW. Kidd; [etc., etc.]$c1833.
300   $axiii p., 1 l., 742 p.$bfront., plates, fold. tab.$c24 cm.
651  0$aWest Indies, British$xDescription and travel.
651  0$aWest Indies, British$xHistory$y17th century.
651  0$aWest Indies, British$xHistory$xChronology.
651  0$aWest Indies, British$yHurricane, 1831.
655  7$aChronology.$2fast
655  7$aHistory.$2fast
700 0 $aSon of a military officer.
776 08$iOnline version:$aBayley, F.W.N. (Frederic William Naylor), 1808-1853.$tFour years' residence in the West Indies.$b3d ed., enl. .$dLondon, W. Kidd; [etc., etc.] 1833$w(OCoLC)644025880
988   $a20020608
906   $0DLC

