LEADER 01093nas a22002897  4500
001 004000262-4
005 00000000000000.0
008 760620d18641918enkuu p       0    1eng u
035 0 $aocn145379756
035 0 $aocm02251799
040   $cMUL$dHBS
245 00$aRailway news and joint stock journal.
260   $aLondon.
500   $aTitle varies: vols. 52-53, July 1889-June 1890, Railway news and joint-stock companies' journal; vols. 54-90, July 1890-1908, Railway news, finance and joint-stock companies' journal; vols. 91-110, 1909-Nov. 1918, Railway news.
500   $aCeased publication with vol. 110, Nov. 1918.
500   $aAbsorbed by Railway gazette with Dec. 1918.
500   $aRailway news and joint-stock companies' journal.
500   $aRailway news, finance and joint-stock companies' journal.
500   $aRailway news.
650  0$aRailroads.
650  0$aFinance.
780 05$tRailway record$gSept. 1901
780 05$tRailways$gMay 1908
780 05$tRailway official gazette$gJuly 1914
785 04$tRailway gazette (London)
988   $a20020608
906   $0MH

