LEADER 00970cas a22002771  4500
001 004000263-2
005 20020606095253.2
008 760620d19401942ag uu         0   b0spa  
010   $a   42050202 //r78
016 7 $aA28000000$2DNLM
035 0 $aocm02257490
040   $aDLC$cPIT$dDLC$dSER$dHMS
042   $alc
050 00$aRK1$b.B8
060 0 $aW1 BU297N
082   $a617.6071182
110 2 $aUniversidad de Buenos Aires.$bFacultad de Ciencias Médicas.$bEscuela de Odontología.
245 00$aAnales de la Cátedra de radiología y fisioterapia bucodental.
260   $aBuenos Aires,$bUniversidad de Buenos Aires, Facultad de Ciencias Médicas, Escuela de Odontologia.
300   $a3 v.$bill.$c28 cm.
362 0 $a19[40]-42.
650  0$aTeeth$xRadiography$vPeriodicals.
650  0$aDental therapeutics$vPeriodicals.
710 2 $aUniversidad de Buenos Aires.$bFacultad de Ciencias Médicas.$bEscuela de Odontologia.
988   $a20020608
906   $0DLC

