LEADER 00482cas a2200181M  4500
001 004000264-0
005 20020606095253.2
008 760620u19409999ag uu p       0    0spa u
016 7 $aA28665000$2DNLM
035 0 $aocm02257496
040   $cPIT$dSER$dOCL$dHMS
060 0 $aW1 AC236
245 00$aAnales del Instituto de Investigaciones Fisicas Aplicadas a la Patolognia Humana.
260   $aBuenos Aires
362 0 $av. 1- 1940-
651  0$aLatin America.
988   $a20020608
906   $0MH

