LEADER 00943cas a2200301 a 4500
001 004000265-9
005 20020606095253.2
008 760620u19479999dcumr1p       0   a0eng  
010   $a   55024034 //r832
022 0 $a0740-6339
035 0 $aocm02266753
040   $aDLC$cPIT$dPIT$dNYG$dDLC$dNSD$dHBS
042   $alc$ansdp
043   $an-us---
050 00$aHE1001$b.R334
082 0 $a385/.0973$219
210 0 $aRailw. progr.
222  0$aRailway progress
245 00$aRailway progress.
260   $a[Washington, D.C. :$bThe Federation for Railway Progress,
300   $av. :$bill., ports. ;$c24 cm.
310   $aMonthly
362 1 $aBegan publication with Mar. 1947 issue.$zCf. Union list of serials.
500   $aDescription based on: Vol. 5, no. 11 (Jan. 1952); title from cover.
650  0$aRailroads$zUnited States$vPeriodicals.
710 2 $aFederation for Railway Progress (U.S.)
988   $a20020608
906   $0DLC

