LEADER 01977cam a2200337I  4500
001 004000266-7
005 20090416235302.0
008 910115s1748    sz      s     000 0 fre d
035 0 $aocm22964581
035 0 $aocm02287248
040   $cHVC$dOCL$dHVL
050  4$aJC179$b.M77 1748
090   $aHB161$b.G64 no. 8375
100 1 $aMontesquieu, Charles de Secondat,$cbaron de,$d1689-1755.
245 10$aDe l'esprit des loix, :$bou du rapport que les loix doivent avoir avec la constitution de chaque gouvernement, les moeurs, le climat, la religion, le commerce, &c., à quoi l'auteur a ajouté des recherches nouvelles, sur les loix romaines touchant les successions, sur les loix françoises, & sur les loix féodales...
260   $aGeneve :$bBarrillot & fils$c[1748]
300   $a2 v.: (dagger)4 (a-c)4 (A-Ttt)4 (Vvv)1; (pi)2 (a-b)4 (A-Aaaa)4 (Bbbb)2.$c26 cm.
500   $aEdited by Jean Jacob Varnet.
500   $aFirst edition: Printing and the Mind of Man, no. 197; Cabeen, Montesquieu, a Bibliography, 97; Tchemerzine VIII, p. 459; LePetit, pp. 496-497; Kress Library Catalogue, no. 4920; Catalogue of the Goldsmith's Library of Economic Literature, no. 8375; Wolf, A history of Science...in the 18th Century, pp. 695-697; Aron, Main Currents in Sociological Thought, I, pp. l7-62; Becker/Barnes, Social Thought from Lore to Science, I, pp. 409-410.
500   $aGoldsmiths'-Kress no. 08375.
650  0$aState, The$vEarly works to 1800.
650  0$aPolitical science$vEarly works to 1800.
650  0$aLaw$xPhilosophy$vEarly works to 1800.
650  0$aPolitical science.
650  0$aState, The.
700 1 $aVarnet, Jean Jacob,$d1698-1789,$eed.
700 1 $aVarnet, Jean Jacob,$d1698-1789,$eeditor.
776 08$iOnline version:$aMontesquieu, Charles de Secondat, baron de, 1689-1755.$tDe l'esprit des loix.$dGeneve : Barrillot & fils [1748]$w(OCoLC)865451896
830  0$aMaking of the Modern World.$5net
988   $a20020608
906   $0MH

