LEADER 00582cam a2200205I  4500
001 004000267-5
005 20020606095253.2
008 760629s1958    txua          000 0 eng  
010   $a   58044314 
035 0 $aocm02288207
040   $aDLC$cIKM$dOCL$dHLS
050 0 $aF392.B3$bB4
082   $a976.4
110 1 $aBee County (Tex.).$bCentennial Commission.
245 10$aBee County centennial, 1858-1958.
260   $a[Beeville, Tex.]$bBee County Centennial, inc.,$cc1958.
300   $a115 p.$billus.$c23 cm.
651  0$aBee County (Tex.)$xHistory.
988   $a20020608
906   $0DLC

