LEADER 00639cam a2200217I  4500
001 004000268-3
005 20020606095253.2
008 760630s1942    xxkf          000 0 eng  
010   $a   43002177 
035 0 $aocm02290899
040   $aDLC$cMGC$dOCL$dHLS
050 0 $aDS480.82$b.B3
100 1 $aBarton, William,$cSir,$d1871-
245 10$aIndia's fateful hour$c[by] Sir William Barton.
260   $aLondon,$bJ. Murray$c[1942]
300   $a4 p., 157 p.$bplates,$c19 cm.
500   $a"First edition 1942."
650  0$aWorld War, 1939-1945$zIndia.
651  0$aIndia$xPolitics and government$y1919-1947.
988   $a20020608
906   $0DLC

