LEADER 01090nam a2200265Ii 4500
001 004000269-1
005 20020606095253.2
008 760702s1874    fr            000 0 fre d
035 0 $aocm02294376
040   $aOSU$cOSU$dHLS
043   $aa-cc---$aa-ja---$an-us---
050  4$aG440$b.B37 1874
090   $aG440$b.B37 1874
100 1 $aBeauvoir, Ludovic,$cmarquis de,$d1846-1929.
245 00$aPékin, Yeddo, San Francisco :$bvoyage autour du monde$c/ par le comte de Beauvoir ; ouvrage enrichi de quatre cartes et de quinze gravures-photographies par Deschamps ; ouvrage couronné par l'Académie française.
250   $a8. éd.
260   $aParis :$bE. Plon,$c1874.
300   $a359 p.$bill., maps.$c19 cm.
650  0$aVoyages around the world.
651  0$aChina$xDescription and travel.
651  0$aJapan$xDescription and travel.
651  0$aUnited States$xDescription and travel.
776 08$iOnline version:$aBeauvoir, Ludovic, marquis de, 1846-1929.$tPékin, Yeddo, San Francisco.$b8. éd.$dParis : E. Plon, 1874$w(OCoLC)894168443
988   $a20020608
906   $0OCLC

