LEADER 00903cam a2200253I  4500
001 004000270-5
005 20071015202558.0
008 760706s1910    enkf          001 0 eng c
010   $aa  11000111 
035 0 $aocm02298450
040   $aNew Haven. Free public library$cTJC$dOCL$dHTV
050 0 $aNB1604.R7$bD3
050 0 $aNB1604.R7$bD3 1910
100 1 $aDavies, Gerald Stanley.
245 10$aRenascence;$bthe sculptured tombs of the fifteenth century in Rome,$cwith chapters on the previous centuries from 1100, by Gerald S. Davies. With 88 illustrations from photographs.
260   $aLondon,$bJ. Murray,$c1910.
300   $axiv p., 1 l., 381 p.$bfront, plates.$c26 cm.
504   $a"Books of reference": p. xiii-xiv.
650  0$aTombs$zItaly$zRome.
650  0$aSculpture$zRome.
650  0$aSepulchral monuments$zItaly$zRome.
650  0$aTombs$zRome.
988   $a20020608
906   $0OCLC

