LEADER 00539cam a2200217 a 4500
001 004000271-3
005 20020606095253.2
008 831014s1963    enk           000 0 eng  
010   $a   82187377 
015   $aGB63-20041
035 0 $aocm02299244
040   $aDLC$cDLC$dUKM$dHLS
050 0 $aPR6003.E37$bS9 1963
082 0 $a821/.914$219
100 1 $aBeer, Patricia.
245 14$aThe survivors /$cPatricia Beer.
260   $aLondon :$bLongmans,$c1963.
300   $a34 p. ;$c22 cm.
500   $aPoems.
988   $a20020608
906   $0DLC

