LEADER 01491cam a2200289Ia 4500
001 004000272-1
005 20070901105626.0
008 760707s1911    enkaf         000 0 eng  
010   $a   14008407 
035 0 $aocm02299885
035 0 $aocm29091375
040   $aDLC$cDRB$dOCL$dIUL$dHLS
043   $ae-uk-en
050 0 $aNC1479$b.B445
100 1 $aBeerbohm, Max,$cSir,$d1872-1956.
245 10$aCartoons, "The second childhood of John Bull" /$cby Max Beerbohm.
246 3 $aSecond childhood of John Bull.
260   $aLondon :$bPublished by Stephen Swift & Co. ltd. ...$c[1911]
300   $a[19] leaves, [15] leaves of plates :$b15 col. ill. (lithographs) ;$c52 cm.
500   $a"This series of cartoons ... was drawn ... in 1901"--leaf [4], v.
500   $aThis ed. misdated [1901] in NUC pre-1956 43:178, cf. refs.
510 4 $aRiewald, J.G. Sir Max Beerbohm,$cno. 19
510 4 $aGallatin & Oliver. Max Beerbohm,$cno. 9
505 0 $aThe ideal John Bull: "I'm going to see this through." -- The real John Bull.- "Lest we forget ourselves.- An errand of mercy.- St. George and the dragon.- Consenso, Magersfontein, Spion Kop.- That Krooger telegram.- To Brother Jonathan.- Ireland.- The crusade against ritualism.- De arte theatrali.- De arte pictoria.- De arte poetica.- Darby and Joan at Dover Castle.- The twentieth century pressing the English rose between the pages of history.
650  0$aCaricatures and cartoons$zGreat Britain.
988   $a20020608
906   $0DLC

