LEADER 00935cam a2200265 a 4500
001 004000273-X
005 20040916164046.0
008 760707s1907    enkaf         000 0 eng  
010   $a   15012969 
035 0 $aocm02300843
040   $aDLC$cDRB$dOCL$dCUS$dHLS
050 0 $aNC1479$b.B43
100 1 $aBeerbohm, Max,$cSir,$d1872-1956.
245 12$aA book of caricatures /$cby Max Beerbohm.
260   $aLondon :$bMethuen & Co.,$c[1907]
300   $a[6] p., [49] leaves of plates :$ball ill. (1 col.) ;$c39 cm.
500   $aEach plate accompanied by guard sheet, with descriptive text in holograph facsimile.
500   $a"First published in 1907"--Verso of title page.
600 10$aBeerbohm, Max,$cSir,$d1872-1956.
650  0$aCaricatures and cartoons$zGreat Britain.
655  7$aCaricatures$zEngland$y1907.$2rbgenr
690  9$aBiography of Artists.$5ber
752   $aEngland$dLondon.
988   $a20020608
906   $0DLC

