LEADER 00554nam a2200193Ii 4500
001 004000274-8
005 20070901105627.0
008 760709s1958    sz a     b    001 0dger d
035 0 $aocm02303792
040   $aVA@$cVA@$dHTV
100 1 $aWagner, Hugo,$d1925-
245 10$aMichelangelo da Caravaggio /$cHugo Wagner.
260   $aBern :$bEicher,$c1958.
300   $a254, 35 p. :$bill. ;$c26 cm.
500   $aIncludes index.
504   $aBibliography: p. 235-254.
600 10$aCaravaggio, Michelangelo Merisi da,$d1573-1610.
988   $a20020608
906   $0OCLC

