LEADER 01015nam a2200229Ii 4500
001 004000275-6
005 20020606095253.2
008 760716s1918    nyu           000 0 eng d
035 0 $aocm02315255
040   $aCOO$cCOO$dHLS
050  4$aD505$b.W92 v.2, no.30
090   $aD505$b.W92 v.2, no.30
100 1 $aBeck, James M.$q(James Montgomery),$d1861-1936.
245 14$aThe peril of premature peace parleys :$ban address delivered at a patriotic mass meeting of the graduates of forty-two colleges and universities, held in the Opera House, Boston, on February 16, 1918 /$cby James M. Beck.
260   $aNew York :$b[s.n.],$c1918.
300   $a18 p. ;$c24 cm.
500   $aCover title.
500   $aNo.30 in vol. lettered: World War, 1914-1918. Pamphlets. 2.
650  0$aWorld War, 1914-1918$xPeace.
776 08$iOnline version:$aBeck, James M. (James Montgomery), 1861-1936.$tPeril of premature peace parleys.$dNew York : [publisher not identified], 1918$w(OCoLC)903051159
988   $a20020608
906   $0OCLC

