LEADER 00915cam a2200253I  4500
001 004000277-2
005 20020606095253.2
008 760719s1965    enka          000 0 eng  
010   $a   66045476 
015   $aGB65-17619
035 0 $aocm02320051
040   $aDLC$cIXA$dSER$dUKM$dHLS
050 0 $aPR6052.E3$bD8
082 04$a828.9108$218
100 1 $aBedford, John Robert Russell,$cDuke of,$d1917-
245 14$aThe Duke of Bedford's book of snobs,$cby John, Duke of Bedford in collaboration with George Mikes. Nicolas Bentley drew the pictures.
246 3 $aBook of snobs.
260   $aLondon,$bP. Owen$c[1965]
300   $a142 p.$billus.$c23 cm.
650  0$aSnob (The English word)$vHumor.
655  7$aHumor.$2fast
776 08$iOnline version:$aBedford, John Robert Russell, Duke of, 1917-$tDuke of Bedford's book of snobs.$dLondon, P. Owen [1965]$w(OCoLC)563821804
988   $a20020608
906   $0DLC

