LEADER 00839nam a2200229Ii 4500
001 004000278-0
005 20070901105627.0
008 760720s1975    it a     bc   001 0 ita d
010   $a   90202183 
035 0 $aocm02321660$zocm22594256
035 0 $aocm02321660
040   $aYUS$cYUS$dDLC$dHTV
100 1 $aRagghianti, Carlo Ludovico
245 10$aFirenze, 1470-1480 :$bdisegni dal modello : Pollaiolo, Leonardo, Botticelli, Filippino /$cCarlo L. Ragghianti, Gigetta dalli Regoli.
260   $aPisa :$bUniversità di Pisa, Istituto di Storia dell'Arte,$c1975.
300   $a322 p. :$bill. (some col.) ;$c31 cm.
500   $aIncludes bibliography and indexes.
650  0$aDrawings, Florentine$vCatalogs.
650  0$aDrawing, Renaissance$zItaly$zFlorence$vCatalogs.
650  0$aHuman figure in art.
988   $a20020608
906   $0OCLC

