LEADER 00706cam a2200229 i 4500
001 004000279-9
005 20020606095253.2
008 760709s1954    at a          000 0 eng  
010   $a   76351545 //r932
035 0 $aocm02347403
040   $aDLC$cDLC$dHLS
050 00$aPR9619.3.B398$bE9
082 00$a821
100 1 $aBeard, William
245 10$aExploits notorious :$ba narrative in verse of the adventures of the notorious Kelly gang /$cby William Beard.
260   $a[Paramatta, Aus. :$bBeard,$c1954]
300   $a52 p. :$bill. ;$c24 cm.
500   $aCover title.
600 10$aKelly, Ned,$d1855-1880$vPoetry.
650  0$aBushrangers$zAustralia$zVictoria$vPoetry.
988   $a20020608
906   $0DLC

