LEADER 01090cam a2200241I  4500
001 004000280-2
005 20020606095253.2
008 760803s1844    meuadf        101 0 eng  
010   $a   04007250 
035 0 $aocm02351075
040   $aDLC$cMEA$dOCL$dHLS
050   $aF16.M38
100 1 $aBaxter, James Phinney,$d1831-1921,$eed.
245 10$a...Trelawny papers.$cEd. and illustrated with historical notes and appendix, by James Phinney Baxter, A. M. Pub. by the Maine Historical Society, aided by appropriations from the state.
260   $aPortland,$bHoyt, Fogg, and Donham,$c1884.
300   $axxxi, [1], 520 p.$billus., 5 pl., 2 fold. maps, 5 fold. facsim.$c24 cm.
490 0 $aDocumentary history of the state of Maine. vol. III...
500   $aHalf-title: Collections of the Maine Historical Society. Second series.
500   $aCorrespondence and other papers of Robert Trelawny, of Plymouth, England, relating to his grants.
651  0$aMaine$xHistory$yColonial period, approximately 1600-1775.
700 1 $aTrelawny, Robert,$d1568-1644?
988   $a20020608
906   $0DLC

