LEADER 01084cam a2200289I  4500
001 004000281-0
005 20020606095253.2
008 760803s1756    stk           000 0 eng  
010   $a   09025924 
035 0 $aocm02353129
040   $aDLC$cAZU$dAZU$dHVL
041 1 $aengfre
050 0 $aJC179$b.M74 1756
100 1 $aMontesquieu, Charles de Secondat,$cbaron de,$d1689-1755.
240 10$aDe l'esprit des lois. English.$f1756
245 14$aThe spirit of laws.$cWritten originally in French by M. de Secondat, baron de Montesquieu: and tr. from the ed. pub. at Edinburgh in 1750 with the author's latest corrections and illustrations.
246 3 $aDe l'esprit des lois.
260   $aAberdeen,$bPrinted by and for F. Douglass and W. Murray,$c1756.
300   $a2 v.$c18 cm.
650  0$aPolitical science$vEarly works to 1800.
650  0$aState, The$vEarly works to 1800.
650  0$aPolitical science.
650  0$aState, The.
700 1 $aNugent, Thomas,$d1700?-1772,$etr.
700 1 $aNugent, Thomas,$d1700?-1772,$etranslator.
988   $a20020608
906   $0DLC

