LEADER 00496nam a2200181 i 4500
001 004000285-3
005 20020606095253.2
008 760723s1939    at            000 0 eng  
010   $a   76362934 
035 0 $aocm02388668
040   $aDLC$cDLC$dHLS
050 0 $aPR9619.3.B37$bT46
100 1 $aBaylebridge, William,$d1887-1942.
245 10$aThis vital flesh /$cby William Baylebridge.
260   $aSydney :$bTallabila Press,$c1939.
300   $axix, 263 p. ;$c27 cm.
988   $a20020608
906   $0DLC

