LEADER 00587nam a2200193I  4500
001 004000286-1
005 20070901105627.0
008 760825s1936    nyua          000 1 eng  
010   $a   36009756 
035 0 $aocm02396422
040   $aDLC$cTXA$dTXA$dHTV
050 0 $aPS3511.I585$bM8 1936
100 1 $aFinley, John H.$q(John Huston),$d1863-1940.
245 14$aThe mystery of the mind's desire,$cby John Finley.
260   $aNew York,$bMacmillan,$c1936.
300   $aviii, 48 p.$bcol. front.$c19 cm.
440  4$aThe Kappa Delta Pi lecture series;$v[no. 7]
988   $a20020608
906   $0DLC

