LEADER 00564nam a2200217I  4500
001 004000287-X
005 20070901105627.0
008 760827s1914    it a          001 0 ita  
010   $a   52056095 
035 0 $aocm02399493
040   $aDLC$cIQU$dHTV
050   $aQA22$b.L62 1914
100 1 $aLoria, Gino.
245 13$aLe scienze esatte nell'antica Grecia.
250   $a2. ed. totalmente riv.
260   $aMilano,$bHoepli,$c1914.
300   $a969 p.$billus.$c16 cm.
490 0 $aManuali Hoepli
650  0$aMathematics, Greek.
988   $a20020608
906   $0DLC

