LEADER 01623nam a2200337Ii 4500
001 004000288-8
005 20070901105627.0
008 760902m19641965it bf    b    100 0 ita d
035 0 $aocm02411221
040   $aYDM$cYDM$dHTV
043   $ae------$aaw-----$aff-----
050  4$aN5740$b.B6
111 2 $aBiennale d'arte antica$n(6th :$d1964 :$cBologna, Italy)
245 10$aArte e civiltà romana nell'Italia settentrionale dalla repubblica alla tetrarchia :$bcatalogo, 20 settembre-22 novembre 1964, Bologna, Palazzo dell'Archiginnasio.
260   $aBologna :$bEdizioni Alfa,$c1964-65.
300   $a2 v. :$bmaps, plates ;$c22 cm.
490 0 $aMostra biennale d'arte antica,$vVI
500   $aAt head of title: Città di Bologna. VI Mostra biennale d'arte antica patrocinata dall'I.C.O.M. (International Council of Museums)
500   $aVol. 1: 1. ed.
500   $a"Saggi introduttivi de Guido A. Mansuelli [et al.] Itinerario critico a cura di Guido A. Mansuelli."
500   $a"Il coordinamento redazionale del catalogo é stato curato dalla Dott.ssa Maria Vergnani."
504   $aBibliography: v. 2, p. xvi-xii.
650  0$aArt, Roman$xExhibitions.
651  0$aRome$xCivilization.
655  7$aExhibition catalogs.$2fast
700 1 $aMansuelli, Guido Achille.
700 1 $aVergnani, Maria,$eed.
700 1 $aVergnani, Maria,$eeditor.
776 08$iOnline version:$aBiennale d'arte antica (6th : 1964 : Bologna, Italy).$tArte e civiltà romana nell'Italia settentrionale dalla repubblica alla tetrarchia.$dBologna : Edizioni Alfa, 1964-65$w(OCoLC)568752396
988   $a20020608
906   $0OCLC

