LEADER 00724nam a2200205Ii 4500
001 004000289-6
005 20020606095253.2
008 760903s1959    ag       b    000 0 spa d
035 0 $aocm02412421
040   $aWTU$cWTU$dHLS
090   $aZ1621$b.B83 1-8
100 1 $aBecco, Horacio Jorge,$d1924-
245 00$aEduardo Mallea /$cHoracio Jorge Becco.
260   $aBuenos Aires :$bUniversidad de Buenos Aires, Facultad de Filosofía y Letras, Instituto de Literatura Argentina Ricardo Rojas,$c1959.
300   $a24 p. ;$c22 cm.
490 1 $aGuías bibliográficas ;$v3
600 10$aMallea, Eduardo,$d1903-1982$vBibliography.
830  0$aGuías bibliográficas (Buenos Aires, Argentina) ;$v3.
988   $a20020608
906   $0OCLC

