LEADER 01009nam a2200253I  4500
001 004000290-X
005 20020606095253.2
008 760907s1847    enkf          000 0 eng  
010   $a   16021652 
035 0 $aocm02415389
040   $aDLC$cGUA$dHLS
050 0 $aPR4079.B46$bN4
100 1 $aBayley, F. W. N.$q(Frederic William Naylor),$d1808-1853.
245 14$aThe new Tale of a tub.$bAn adventure in verse.$cBy F. W. N. Bayley. With illustrations, designed by Lieutenant J. S. Cotton, and reduced from Aubry's drawings.
260   $aLondon,$bW. S. Orr,$c1847.
300   $a2 p. l. [iii]-vii, [3]-34 p.$bfront., 6 pl.$c18cm.
500   $aAdded t.-p., illus.
700 1 $aCotton, John S.$eillus.
700 1 $aAubry, Edward,$eillus.
700 1 $aCotton, John S.,$eillustrator.
700 1 $aAubry, Edward,$eillustrator.
776 08$iOnline version:$aBayley, F.W.N. (Frederic William Naylor), 1808-1853.$tNew Tale of a tub.$dLondon, W.S. Orr, 1847$w(OCoLC)870818086
988   $a20020608
906   $0DLC

