LEADER 00703nam a2200217I  4500
001 004000291-8
005 20020606095253.2
008 760910s1965    pl abce  b    001 0 pol  
010   $a   66046155 
035 0 $aocm02421439
040   $aDLC$cUPM$dHLS
050 0 $aDK651.S78$bB3
100 1 $aBazielich, Wiktor
245 10$aHistorie starosądeckie;$bszkice historyczne z dziejów miasta Starego Sącza i jego okolicy.$cZ przedm. Henryka Barycza.
250   $a[Wyd. 1.]
260   $aKraków,$bWydawn. Literackie,$c1965.
300   $a302 p.$billus., facsims., map, plan, ports.$c20 cm.
504   $aBibliography: p. 273-[279]
651  0$aStary Sącz (Poland)$xHistory.
988   $a20020608
906   $0DLC

