LEADER 00932cam a2200253I  4500
001 004000292-6
005 20071015202558.0
008 760910s1925    mauafh   f    000 0 eng  
010   $a   26022236 
035 0 $aocm14740411
035 0 $aocm02421625
040   $aDLC$cTLM$dOCL$dHTV
050 0 $aDT62.M7$bB8 1925
100 1 $aBudge, E. A. Wallis$q(Ernest Alfred Wallis),$cSir,$d1857-1934.
245 14$aThe mummy;$ba handbook of Egyptian funereary archaeology,$cby Sir E. A. Wallis Budge ...
250   $a2d ed., rev. & greatly enl.
260   $aCambridge,$bUniversity Press,$c1925.
300   $axxiv, 513 p.$bincl. ill., plates, facsims. fold. front., XXXIII pl. (incl. facsim.)$c25 cm.
500   $a"First edition, 1893, reprinted 1894; second edition (revised and enlarged) 1925."
650  0$aMummies.
650  0$aFuneral rites and ceremonies$zEgypt.
651  0$aEgypt$xAntiquities.
988   $a20020608
906   $0DLC

