LEADER 01337nam a2200337I  4500
001 004000293-4
005 20140128152908.0
008 760913s1871    xx            000 0 eng  
010   $a   07018435 
035 0 $aocm02428243
040   $aDLC$cDLM$dHLS
050 0 $aRM421$b.B36
060 00$aQV$bB366s 1871
100 1 $aBeard, George Miller,$d1839-1883.
245 10$aStimulants and narcotics :$bmedically, philosophically, and morally considered /$cBy George M. Beard, M.D.
260   $aNew York :$bG. P. Putnam,$c1871.
300   $axiv, 155 p.$c20 cm.
440  0$aPutnam's handy-book series
500   $aA duplicate copy of this title was part of the Julio Mario Santo Domingo Collection, but was not retained.
500   $a"Sources of information in regard to stimulants and narcotics" : p. [vi]-viii.
504   $a"Sources of information in regard to stimulants and narcotics": pages v-viii.
650  0$aStimulants.
650  0$aNarcotics.
650  0$aTemperance.
650  2$aAlcohol Drinking.
650  2$aCentral Nervous System Stimulants.
650  2$aNarcotics.
710 2 $aJulio Mario Santo Domingo Collection.$5wid
776 08$iOnline version:$aBeard, George Miller, 1839-1883.$tStimulants and narcotics.$dNew York, G.P. Putnam & sons, 1871$w(OCoLC)612195118
988   $a20020608
906   $0DLC

