LEADER 00957nam a2200229   4500
001 004000294-2
005 20070901105628.0
008 760913s1913    enk           000 0 eng  
010   $a   13035891 
035 0 $aocm02429403
040   $aDLC$cNAM$dHTV
050 0 $aVM140.F9$bD5
050 0 $aVM140.F9$bD5 1913
100 1 $aDickinson, H. W.$q(Henry Winram),$d1870-1952.
245 10$aRobert Fulton, engineer and artist;$bhis life and works,$cby H. W. Dickinson.
260   $aLondon,$bJohn Lane;$aNew York,$bJohn Lane company;$c[etc., etc.] 1913.
300   $axiv p., 1 ℓ., 333 p.$bfront., illus., plates, ports.$c23 cm.
600 10$aFulton, Robert,$d1765-1815.
776 08$iOnline version:$aDickinson, H.W. (Henry Winram), 1870-1952.$tRobert Fulton, engineer and artist.$dLondon, John Lane; New York, John Lane Co.; [etc., etc.] 1913$w(OCoLC)602050778
830  0$aCabot Library preservation digitization program.$5net
988   $a20020608
906   $0DLC

