LEADER 00618cas a2200205I  4500
001 004000295-0
005 20020606095253.2
008 760712d19441973mduuu p       0   a0eng u
035 0 $aocm02444799
040   $cQPR$dCOO$dHMS
090   $aQ184$b.A51
245 00$aAminco laboratory news.
260   $aSilver Spring, Md.,$bAmerican Instrument Company.
300   $a29 v.$bill.$c28 cm.
362 0 $a1-29, no. 3; Nov. 1944-Summer 1973.
650  0$aScientific apparatus and instruments$vPeriodicals.
710 2 $aAmerican Instrument Company.
785 00$tAminco laboratory news and reviews
988   $a20020608
906   $0MH

