LEADER 00963nam a2200241Ii 4500
001 004000296-9
005 20020606095253.2
008 760922s1975    xx            000 0 rus d
035 0 $aocm02456928
040   $aTKN$cTKN$dHLS
043   $aee-----
050  4$aHC244.B354$bT4
090   $aHC244.B354$bT4
100 1 $aBautina, N. V.$q(Ninelʹ Vladimirovna)
245 10$aTeorii︠a︡ i praktika sot︠s︡ialisticheskoĭ integrat︠s︡ii /$cpod redakt︠s︡ieĭ N. V. Bautinoĭ.
260   $aMoskva :$bIzd-vo Moskovskogo universiteta,$c1975.
300   $a142 p. ;$c20 cm.
504   $aIncludes bibliographical references.
610 20$aCouncil for Mutual Economic Assistance.
651  0$aEurope, Eastern$xEconomic integration.
776 08$iOnline version:$aBautina, N.V. (Ninelʹ Vladimirovna).$tTeorii͡a i praktika sot͡sialisticheskoĭ integrat͡sii.$dMoskva : Izd-vo Moskovskogo universiteta, 1975$w(OCoLC)586081710
988   $a20020608
906   $0OCLC

