LEADER 00740cam a2200217Ii 4500
001 004000297-7
005 20020606095253.2
008 760924s1955    nyu           000 0deng  
010   $a   55012123 
035 0 $aocm02461206
040   $aDLC$cEZC$dOCL$dHLS
050   $aE175.5$b.B375
100 1 $aBeard, Mary Ritter,$d1876-1958.
245 14$aThe making of Charles A. Beard :$ban interpretation /$cby Mary Ritter Beard ; with chapters by Arthur W. Macmahon and George Radin and reports from Japanese correspondents.
250   $alst ed.
260   $aNew York :$bExposition Press,$c1955.
300   $a104 p. ;$c21 cm.
504   $aBibliographical footnotes.
600 10$aBeard, Charles Austin,$d1874-1948.
988   $a20020608
906   $0DLC

