LEADER 00583nam a2200193I  4500
001 004000298-5
005 20070901105628.0
008 761001s1908    enka          001 0 eng d
035 0 $aocm02476671
040   $aKLG$cKLG$dHTV
041 1 $aengfre
100 1 $aMaspero, G.$q(Gaston),$d1846-1916.
245 10$aNew light on ancient Egypt,$cby G. Maspero. Tr. from the French by Elizabeth Lee.
260   $aLondon,$bT. F. Unwin,$c1908.
300   $axii, 315, [1] p.$bfront., 28 pl.$c23 cm.
651  0$aEgypt$xAntiquities.
651  0$aEgypt$xCivilization.
988   $a20020608
906   $0OCLC

