LEADER 00549nam a2200181I  4500
001 004000299-3
005 20020606095253.2
008 761005s1923    enk           000 1 eng d
035 0 $aocm02480626
040   $aKEU$cKEU$dHLS
090   $aPS3503.E18$bC4z
100 1 $aBeck, L. Adams$q(Lily Adams),$d-1931.
245 14$aThe chaste Diana :$bthe romance of the first "Polly Peachum" /$cby E. Barrington.
260   $aLondon :$bJ. Lane,$c1923.
300   $a325 p. ;$c19 cm.
600 10$aFenton, Lavinia,$d1708-1760$vFiction.
988   $a20020608
906   $0OCLC

