LEADER 00743nam a2200229I  4500
001 004000301-9
005 20020606095253.2
008 761008s1965    enk           001 0 eng d
035 0 $aocm02489286
040   $aIAF$cIAF$dHLS
090   $aJN1121$b.B43
100 1 $aBeer, Samuel H.$q(Samuel Hutchison),$d1911-2009.
245 10$aModern British politics:$ba study of parties and pressure groups,$cby Samuel H. Beer.
260   $aLondon,$bFaber,$c1965.
300   $axii, 390, xiii, p.$c22 cm.
490 0 $aSociety Today and Tomorrow
500   $aIncludes index.
650  0$aPolitical parties$zGreat Britain.
650  0$aPressure groups$zGreat Britain.
651  0$aGreat Britain$xPolitics and government.
988   $a20020608
906   $0OCLC

