LEADER 00543nam a2200181I  4500
001 004000303-5
005 20020606095253.2
008 761014s1925    mau           000 0 eng  
010   $a   25009934 
035 0 $aocm02503465
040   $aDLC$cNGU$dNGU$dHLS
050 0 $aPS1074.B88$bP35 1925
100 1 $aBarton, William Eleazar,$d1861-1930.
245 10$aFun and philosophy of Safed the sage,$bfifth series,$cby William E. Barton.
260   $aBoston,$aChicago,$bPilgrim Press$c[c1925]
300   $ax, 189 p.$c19 cm.
988   $a20020608
906   $0DLC

