LEADER 00713nam a2200193I  4500
001 004000304-3
005 20020606095253.2
008 761014s1921    mau           000 0 eng  
010   $a   22002773 
035 0 $aocm02503473
040   $aDLC$cNGU$dNGU$dHLS
050 0 $aPS1074.B88$bS3 1921
100 1 $aBarton, William Eleazar,$d1861-1930.
245 10$aSafed and Keturah :$bthe third series of the Parables of Safed the sage /$cby William E. Barton.
260   $aBoston,$aChicago :$bPilgrim Press,$c1921.
300   $axii, 180 p.$c19 cm.
776 08$iOnline version:$aBarton, William Eleazar, 1861-1930.$tSafed and Keturah.$dBoston, Chicago, Pilgrim Press [©1921]$w(OCoLC)902937584
988   $a20020608
906   $0DLC

