LEADER 00766nam a2200241Ii 4500
001 004000305-1
005 20020606095253.2
008 761019s1962    enka     b    001 0 eng d
015   $aGB62-6276
035 0 $aocm02513483
040   $aGUA$cGUA$dUKM$dHLS
082 04$a968.040924$218
090   $aDT773$b.B4 1962
100 1 $aBecker, Peter,$d1921-
245 10$aPath of blood :$bthe rise and conquests of Mzilikazi, founder of the Matabele tribe of Southern Africa /$cPeter Becker.
260   $aLondon :$bLongmans,$c1962.
300   $axviii, 289 p. :$bill. ;$c23 cm.
500   $aIncludes index.
504   $aBibliography : p. 269-271.
600 00$aMzilikazi,$cMatabele King,$d1790-1868.
650  0$aNdebele (African people)
988   $a20020608
906   $0OCLC

