LEADER 00658nam a2200217I  4500
001 004000306-X
005 20020606095253.2
008 761020s1971    it            000 0 ita  
010   $a   77890311 
035 0 $aocm02516275
040   $aDLC$cTJC$dHLS
050 0 $aPQ4683.B25$bA6 1971
100 1 $aBatacchi, Domenico Luigi,$d1748-1802.
245 03$aLe novelle.$bA cura di Ferdinando Giannessi.
260   $aMilano,$bFeltrinelli,$c1971.
300   $axiii, 321 p.$bplates.$c21 cm.
500   $aAt head of title : Domenico Luigi Batacchi.
700 1 $aGiannessi, Ferdinando,$eed.
700 1 $aGiannessi, Ferdinando,$eeditor.
988   $a20020608
906   $0DLC

