LEADER 00494nam a2200181I  4500
001 004000307-8
005 20020606095253.2
008 761025s1939    enka          000 1 eng  
010   $a   56051691 
035 0 $aocm02526921
040   $aDLC$cGUA$dGUA$dHLS
090   $aPR6003.A9950$bI5
100 1 $aBayley, Victor,$d1880-
245 10$aIndian artifex.$cWoodcut decorations by P. Youngman Carter.
260   $aLondon,$bHale,$c1939.
300   $a287 p.$billus.$c22 cm.
988   $a20020608
906   $0DLC

