LEADER 00922cam a2200289I  4500
001 004000308-6
005 20020606095253.2
008 761028s1950    inu      b    000 0 eng  
010   $a   50009937 
035 0 $aocm14647997
035 0 $aocm02537390$zocm00817704
040   $aDLC$cOHI$dSER$dHLS
043   $an-us---
050 0 $aRA395.A3$bB3
060 00$aW 275 AA1$bB3s 1950
082   $a614.2
100 1 $aBauer, W. W.$q(William Waldo),$d1892-
245 10$aSanta Claus, M.D.
250   $a[1st ed.]
260   $aIndianapolis,$bBobbs-Merrill$c[1950]
300   $a266 p.$c21 cm.
504   $aBibliography: p. 256-266.
650  0$aNational health services$zUnited States.
650  0$aHealth Insurance$zUnited States.
776 08$iOnline version:$aBauer, W.W. (William Waldo), 1892-$tSanta Claus, M.D.$b[1st ed.].$dIndianapolis, Bobbs-Merrill [©1950]$w(OCoLC)612230032
988   $a20020608
906   $0DLC

