LEADER 00758cam a2200217Ii 4500
001 004000309-4
005 20020606095253.2
008 761115s1960    enk           000 0 eng d
035 0 $aocm02557885
040   $aZGM$cZGM$dOCL$dHLS
090   $aDA577$b.B35 1960
100 1 $aBeaverbrook, Max Aitken,$cBaron,$d1879-1964.
245 10$aPoliticians and the war, 1914-1916 /$cLord Beaverbrook.
260   $aLondon :$bCollins,$c1960.
300   $a556 p. :$bill., ports., facsims. ;$c23 cm.
500   $a"First piublished in one-volume edition by Oldbourne Book Co. in 1960."
650  0$aWorld War, 1914-1918$zGreat Britain.
650  0$aStatesmen$zGreat Britain.
651  0$aGreat Britain$xPolitics and government$y1910-1936.
988   $a20020608
906   $0OCLC

