LEADER 00866nam a2200253I  4500
001 004000310-8
005 20020606095253.2
008 761122s1912    cou           000 0 eng d
035 0 $aocm02574424
040   $aIKM$cIKM$dHLS
043   $an-usp--
050  4$aPS3503.E32$bR5 1912
100 1 $aBeggs, Wesley.
245 10$aRhymes from the rangeland ...$bA book of western verses.
250   $aSmall ed.
260   $aDenver, Colo.,$bThe Eastwood-Kirchner Printing Co.,$c1912.
300   $axviii, [19]-191 p.$bfront. (port.) illus.$c21 cm.
651  0$aWest (U.S.)$xPoetry.
650  0$aCowboys$xPoetry.
650  0$aRanch life$xPoetry.
655  7$aPoetry.$2fast
776 08$iOnline version:$aBeggs, Wesley.$tRhymes from the rangeland .$bSmall ed.$dDenver, Colo., The Eastwood-Kirchner Printing Co., 1912$w(OCoLC)647266523
988   $a20020608
906   $0OCLC

