LEADER 00738cam a22002411  4500
001 004000311-6
005 20020606095253.2
008 761214s1944    at c          000 1aeng  
010   $a   45016698 //r83
035 0 $aocm02586539
040   $aDLC$cYUS$dDLC$dOCL$dHLS
043   $au-at---
050 0 $aPR6003.E29$bZ5
082   $a928.2
100 1 $aBedford, Randolph,$d1868-1941.
245 10$aNaught to thirty-three,$cby Randolph Bedford.
260   $aSydney,$bThe Currawong publishing company,$c[1944]
300   $a3 p. l., 11-348, [1] p.$bport.$c19 cm.
500   $aAutobiography.
600 10$aBedford, Randolph,$d1868-1941$vBiography.
650  0$aAuthors, Australian$y20th century$vBiography.
988   $a20020608
906   $0DLC

