LEADER 01606cam a2200373I  4500
001 004000312-4
005 20071015202559.0
008 761202s1956    it       b    000 0 ita c
010   $aa  57003970 
035 0 $aocm02590315
040   $aHarvard Univ. Library$cRNM$dOCL$dHLS
043   $ae------
050 00$aZ6659$b.B4
060 00$aZ 6611.M5$bB388c 1956
100 1 $aBeccaria, Augusto.
245 12$aI codici di medicina del periodo presalernitano (secoli IX, X e XI)
260   $aRoma,$bEdizioni di Storia e letteratura,$c1956.
300   $a500 p.$c26 cm.
490 1 $aStoria e letteratura,$v53
504   $a"Elenco di opere citate": p. [94]-102.
650  2$aMedicine$xmedieval$vBibliography.
650  2$aBibliography of Medicine$vManuscripts.
650  2$aManuscripts as Topic$vBibliography$xLatin.
650  2$aManuscripts as Topic$zEurope$vBibliography.
650  0$aMedicine$vBibliography.
650  0$aManuscripts, Latin$vBibliography.
650  0$aMedicine, Medieval$xManuscripts$vCatalogs.
650  0$aManuscripts, Latin (Medieval and modern)$vCatalogs.
655  7$aCatalogs.$2fast
776 08$iOnline version:$aBeccaria, Augusto.$tCodici di medicina del periodo presalernitano (secoli IX, X e XI).$dRoma, Edizioni di Storia e letteratura, 1956$w(OCoLC)592927205
776 08$iOnline version:$aBeccaria, Augusto.$tCodici di medicina del periodo presalernitano (secoli IX, X e XI).$dRoma, Edizioni di Storia e letteratura, 1956$w(OCoLC)614637839
830  0$aStoria e letteratura (Edizioni di storia e letteratura) ;$v53.
988   $a20020608
906   $0MH

