LEADER 00484nam a2200157Ii 4500
001 004000313-2
005 20020606095253.2
008 761206s1703    it            001 0 lat d
035 0 $aocm02600120
040   $aGZM$cGZM$dHVL
100 1 $aRocca, Girolamo,$cBp.,$d-1691.
245 10$aDisputationum juris selectarum :$bcum decisionibus super eis prolatis /$cHieronymi Rocca.
260   $aVenetiis :$bApud Paulum Balleonium,$c1703.
300   $a2 v. in 1 ;$c35 cm.
988   $a20020608
906   $0OCLC

