LEADER 00756nam a2200253I  4500
001 004000314-0
005 20020606095253.2
008 761207s1943    enk           000 0 eng  
010   $a   43014451 
035 0 $aocm02602414
040   $aDLC$cVWM$dHLS
050   $aPR6037.T73$bZ56 1943
082   $a928.2
100 1 $aBeerbohm, Max,$cSir,$d1872-1956.
245 10$aLytton Strachey,$cby Max Beerbohm. The Rede lecture, 1943.
260   $aCambridge [Eng.]$bThe University press,$c1943.
300   $a26 p.$c18 cm.
440  4$aThe Rede lecture ;$v1943
600 10$aStrachey, Lytton,$d1880-1932.
690  9$aMisc.$5ecb
690  9$aTina & Gordon Wasson Ethnomycological Collection.$5ecb
711 2 $aRede lectures.
988   $a20020608
906   $0DLC

