LEADER 00808nam a2200253I  4500
001 004000315-9
005 20020606095253.2
008 761207s1934    enkabcf       001 0deng  
010   $a   35005679 
035 0 $aocm02604747
040   $aDLC$cIPL$dHLS
050   $aDS445$b.B38
082   $a954
100 1 $aBarton, William,$cSir,$d1871-
245 14$aThe princes of India,$bwith a chapter on Nepal,$cby Sir William Barton... With an introduction by Viscount Halifax...
260   $aLondon,$bNisbet & co., ltd.$c[1934]
300   $axvi, 327 p.$bfront., ill. (maps) plates, ports.$c23 cm.
651  0$aIndia$xPolitics and government.
651  0$aIndia$xKings and rulers.
651  0$aIndia$xHistory.
651  0$aGreat Britain$xColonies$zIndia.
651  0$aNepal.
988   $a20020608
906   $0DLC

