LEADER 00783cam a2200229I  4500
001 004000316-7
005 20020606095253.2
008 761210s1929    fr            000 0 fre  
010   $a   29028065 
035 0 $aocm02611804
040   $aDLC$cKLG$dSER$dHLS
043   $ae-it---
050 0 $aDG429$b.B27
100 1 $aBedel, Maurice,$d1884-1954.
245 10$aFascisme an VII.
260   $aParis,$bGallimard, Éditions de la Nouvelle revue française$c[c1929]
300   $a3 p. ℓ., [9]-122 p., 2 ℓ.$c17 cm.
650  0$aFascism$zItaly.
651  0$aItaly$xDescription and travel.
776 08$iOnline version:$aBedel, Maurice, 1884-1954.$tFascisme an VII.$dParis, Gallimard, Éditions de la Nouvelle revue française [©1929]$w(OCoLC)561302247
988   $a20020608
906   $0DLC

