LEADER 00877cam a2200253I  4500
001 004000317-5
005 20020606095253.2
008 761230s1960    enk           000 0 eng  
010   $a   62000220 
015   $aGB61-2449
035 0 $aocm02653096
040   $aDLC$cTOL$dOCL$dUKM$dHLS
050 0 $aPN56.L6$bB3 1960
100 1 $aBayley, John,$d1925-
245 14$aThe characters of love;$ba study in the literature of personality.
260   $aLondon,$bConstable$c[c1960]
300   $a295 p.$c23 cm.
600 10$aShakespeare, William,$d1564-1616$xCriticism and interpretation.
650  0$aLove in literature.
650  0$aEnglish literature$xHistory and criticism.
655  7$aCriticism, interpretation, etc.$2fast
776 08$iOnline version:$aBayley, John, 1925-$tCharacters of love.$dLondon, Constable [©1960]$w(OCoLC)756447703
988   $a20020608
906   $0DLC

