LEADER 00690nam a2200217I  4500
001 004000318-3
005 20050921115821.0
008 770113s1943    tnuac    b    000 0 eng  
010   $a   43007963 
035 0 $aocm02676978
040   $aDLC$cCSU$dHLS
050 0 $aPS1764.G82$bZ65
082   $a920.5
100 1 $aBayless, Joy.
245 00$aRufus Wilmot Griswold,$bPoe's literary executor,$cby Joy Bayless.
260   $aNashville, Tenn.,$bVanderbilt University Press,$c1943.
300   $ax, 320 p.$bfront., ports.$c24 cm.
504   $aBibliographical references included in "Notes" (p.258-292)
600 10$aGriswold, Rufus W.$q(Rufus Wilmot),$d1815-1857.
988   $a20020608
906   $0DLC

