LEADER 00824nam a2200265I  4500
001 004000320-5
005 20090130123504.0
008 770121s1932    enk      b    000 0 eng  
010   $a   33014017 
035 0 $aocm02693455
040   $aDLC$cFDA$dFDA$dHLS
050 0 $aD511$b.B3265
082   $a940.3112
100 1 $aBeazley, C. Raymond$q(Charles Raymond),$d1868-1955.
245 14$aThe road to ruin in Europe, 1890-1914,$cby Sir Raymond Beazley.
260   $aLondon,$bJ. M. Dent$c[1932]
300   $axv, 111 p.$c19 cm.
500   $a"First published 1932."
500   $aIncludes index.
504   $aBibliography: p. 99-110.
650  0$aWorld War, 1914-1918$xCauses.
651  0$aEurope$xPolitics and government$y1871-1918.
651  0$aGermany$xForeign relations$y1871-1918.
988   $a20020608
906   $0DLC

