LEADER 01311cam a2200289   4500
001 004000321-3
005 20020606095253.2
008 740925s1974    pau      b    001 0 eng  
010   $a   73022745 
020   $a0827600488
035 0 $aocm02696218
035 0 $aocm02696218$zocm01075210$zocm01114516
040   $aDLC$cDLC$dOCL$dHLS
050 0 $aHV3190$b.B38
082   $a362.8/4
100 1 $aBauer, Yehuda.
245 10$aMy brother's keeper;$ba history of the American Jewish Joint Distribution Committee, 1929-1939.
250   $a[1st ed.]
260   $aPhiladelphia,$bJewish Publication Society of America$c[1974]
300   $axi, 350 p.$c22 cm.
504   $aBibliography: p. [335]-336.
505 0 $aIntroduction: The First Fifteen Years -- A Time of Crisis: 1929-1932 -- Agro-Joint -- Germany: 1933-1938 -- Refugees: 1933-1938 -- Prelude to the Holocaust -- The Beginning of the End.
610 20$aAmerican Jewish Joint Distribution Committee.
776 08$iOnline version:$aBauer, Yehuda.$tMy brother's keeper.$b[1st ed.].$dPhiladelphia, Jewish Publication Society of America [1974]$w(OCoLC)580619542
776 08$iOnline version:$aBauer, Yehuda.$tMy brother's keeper.$b[1st ed.].$dPhiladelphia, Jewish Publication Society of America [1974]$w(OCoLC)608147519
988   $a20020608
906   $0DLC

