LEADER 01202nam a2200265Ii 4500
001 004000322-1
005 20020606095253.2
008 770124s1955    gw            000 0 ger d
035 0 $aocm02698693
040   $aOSU$cOSU$dHLS
043   $ae-gx---
050  4$aDD104$b.B4
090   $aDD104$b.B4
100 1 $aBeck, Ludwig,$d1880-1944.
245 10$aStudien /$chrsg und eingeleitet von Hans Speidel.
260   $aStuttgart :$bK. F. Koehler,$c1955.
300   $a302 p., 1 leaf of plates :$bport. ;$c23 cm.
505 0 $aDer Anführer im Kriege.--Deutschland in einem komenden Kriege.--Strategie.--Besass Deutschland 1914 einen Kriegsplan?--Betrachtungen über den Krieg.--West- oder Ost-Offensive 1914?--Der 29. September 1918.--Die Lehre vom totalen Kriege.--Foch, unser grosser französischer Gegner, wie ich ihn sehe.--Bericht über die Reise nach Paris.
600 10$aBeck, Ludwig,$d1880-1944.
651  0$aGermany$xHistory, Military$y20th century.
700 1 $aSpeidel, Hans,$d1897- ,$eed.
700 1 $aSpeidel, Hans,$d1897-1984,$eeditor.
776 08$iOnline version:$aBeck, Ludwig, 1880-1944.$tStudien.$dStuttgart : K.F. Koehler, 1955$w(OCoLC)707452210
988   $a20020608
906   $0OCLC

