LEADER 00977nam a2200289I  4500
001 004000324-8
005 20071015202600.0
008 770202s1929    enkaf    b    000 0 eng  
010   $a   29008078 
035 0 $aocm30661958
035 0 $aocm02716253$zocm00620038
035 0 $aocm02716253
040   $aDLC$cSUC$dSUC$dHIR$dHTV
050 0 $aQP481$b.F7
050 0 $aQP481$b.F7 1929
100 1 $aLadd-Franklin, Christine,$d1847-1930.
245 10$aColour and colour theories,$cby Christine Ladd-Franklin.
260   $aLondon :$bK. Paul, Trench, Trubner & co., ltd.;$aNew York :$bHarcourt, Brace and company,$c1929.
300   $axv, 287 p. :$bcol. front., ill., VIII col. pl., diagrs. ;$c23 cm.
440  0$aInternational library of psychology, philosophy, and scientific method
504   $a"List of dates and original sources": p. 281.
650  0$aColor vision.
650  0$aColor.
650  0$aLight.
690  9$aColor.$5fal
988   $a20020608
906   $0DLC

