LEADER 00728cam a2200253   4500
001 004000327-2
005 20020606095253.2
008 731121s1972    onc           000 0 eng  
010   $a   73176104 //r84
015   $aC***
035 0 $aocm02736171
035 0 $aocm02736171$zocm00676719
040   $aDLC$cDLC$dHLS
043   $an-cn---
050 0 $aJL195$b.B4
082   $a329.9/71
100 1 $aBeder, E. A.
245 14$aThe missing political party$c[by] E. A. Beder.
260   $a[Toronto,$bWilton Agencies; distributor: Saanes Publications, Toronto,$cc1972]
300   $a112 p.$c21 cm.
650  0$aPolitical parties$zCanada.
651  0$aCanada$xPolitics and government$y1945-1980.
988   $a20020608
906   $0DLC

