LEADER 00769nam a2200241I  4500
001 004000329-9
005 20110525135517.0
008 770222s1972    it af    b    001 0 ita  
010   $a   73317842 
035 0 $aocm02755619
040   $aDLC$cRBN$dHTV
050 0 $aNA1123.P2$bP83
050 0 $aNA1123.P2$bP83 1972
100 1 $aPuppi, Lionello.
245 13$aLa villa Badoer di Fratta Polesine.
260   $aVincenza,$bCentro internazionale di studi di architettura Andrea Palladio,$c[1972]
300   $a110 p., incl. 12 plates.$billus., 58 plates.$c34 cm.
440  0$aCorpus Palladianum,$vv. 7
504   $aBibliography: p. [98]-102.
610 20$aVilla Badoer (Fratta Polesine, Italy)
600 10$aPalladio, Andrea,$d1508-1580.
988   $a20020608
906   $0DLC

