LEADER 00909nam a2200241I  4500
001 004000331-0
005 20020606095253.2
008 770224s1953    fr            100 0 fre  
010   $a   54043355 /L
035 0 $aocm02760530
040   $aDLC$cAZU$dHLS
050 0 $aQD165$b.B4
100 1 $aBedel, Ch.
245 10$aHistoire de la découverte des halogènes.$bConférence faite au Palais de la découverte le 7 février 1953.
260   $a[Paris, 1953]
300   $a23 p.$c18 cm.
490 1 $aConférences du Palais de la découverte. Sér. D : Histoire des sciences,$vno 18
500   $aAt head of title: Université de Paris.
650  0$aHalogens.
776 08$iOnline version:$aBedel, Ch.$tHistoire de la découverte des halogènes.$d[Paris], [1953]$w(OCoLC)894332468
830  0$aConférences du Palais de la découverte.$nSér. D,$pHistoire des sciences ;$vno.18
988   $a20020608
906   $0DLC

