LEADER 01066nam a2200265I  4500
001 004000332-9
005 20070901105629.0
008 770301s1926    gw            000 0 ger  
010   $a   27004392 
035 0 $aocm02768640
040   $aDLC$cZIH$dZIH$dHTV
050 00$aRC343$b.B57
060 00$aWM 11$bB658t 1926
060 00$aFilm 7252 no. 6
100 1 $aBlüher, Hans,$d1888-1955.
245 10$aTraktat über die Heilkunde :$binsbesondere die Neurosenlehre.
250   $a1. und 2. tausend.
260   $aJena :$bE. Diederichs,$c1926.
300   $a123 p.$c22 cm.
505 0 $aDer abfall des Hippokrates von der priestermedizin der Asklepiaden. -- Die neurose als heilige krankheit. -- Metaphysik und ethik. -- Innere geschichte der psychoanalytischen bewegung. -- Der pathologische ort. -- Die katholische medizin des Emile Coué.
650  0$aNeuroses.
650  2$aPsychiatry$xHistory.
776 08$iAlso issued on microfilm.$d[Bethesda, Md.] : National Library of Medicine, 1995.$h1 microfilm reel : negative ; 35 mm.
988   $a20020608
906   $0DLC

