LEADER 00779cam a2200205I  4500
001 004000333-7
005 20020606095253.2
008 770302s1920    nyuacfg       000 0beng  
010   $a   21026079 
035 0 $aocm02771064
040   $aDLC$cTXU$dSER$dOCL$dHLS
050 0 $aPN2598.T7$bB4
100 1 $aBeerbohm, Max,$cSir,$d1872-1956,$ecompiler.
245 10$aHerbert Beerbohm Tree,$bsome memories of him and of his art$ccollected by Max Beerbohm; with photogravure frontispiece and 57 illustrations.
260   $aNew York,$bE.P. Dutton and Company$c[1920]
300   $ax p., 1 ℓ., 314 p.$bfront., illus. (incl. facsim., music) plates, ports.$c23 cm.
500   $aPrinted in Great Britain.
600 10$aTree, Herbert Beerbohm,$cSir,$d1853-1917.
988   $a20020608
906   $0DLC

