LEADER 00848cam a2200253I  4500
001 004000334-5
005 20020606095253.2
008 770303s1939    enkabf        001 0 eng  
010   $a   39021852 
035 0 $aocm02775044
040   $aDLC$cEEM$dOCL$dSER$dHLS
050 0 $aDS485.N7$bB3
082   $a954.2
100 1 $aBarton, William,$cSir,$d1871-
245 10$aIndia's north-west frontier,$cby Sir William Barton ... With a preface by the Marquess of Willingdon ...
260   $aLondon,$bJ. Murray$c[1939]
300   $axiii, 308 p.$billus. (maps) plates.$c23 cm.
500   $a"First edition 1939."
651  0$aNorth-west Frontier Province (Pakistan)$xHistory.
651  0$aIndia$xHistory$yBritish occupation, 1765-1947.
651  0$aGreat Britain$xColonies$zIndia.
651  0$aAfghanistan$xHistory.
988   $a20020608
906   $0DLC

