LEADER 00768cam a2200265I  4500
001 004000335-3
005 20020606095253.2
008 770303r1941    enk           000 0 eng  
010   $a   41027930 
035 0 $aocm02775072
040   $aDLC$cEEM$dEEM$dSER$dHLS
043   $ae------
050 0 $aD412.5$b.B3
082   $a940.5488743
100 1 $aBaxter, Richard.
245 10$aGuilty women$c[by] Richard Baxter.
260   $aLondon,$bQuality Press ltd.$c[1941]
300   $a3 p. ℓ., 9-127 p.$c19 cm.
500   $a"First published 1941."
650  0$aWomen$xPolitical activity.
650  0$aNational socialism.
651  0$aEurope$xPolitics and government$y1938-
651  0$aEurope$xPolitics and government$y1918-1945.
988   $a20020608
906   $0DLC

