LEADER 00760cam a2200265I  4500
001 004000336-1
005 20070901105630.0
008 770303s1954    enkae    b    000 0deng  
010   $a   54003945 
015   $aGB54-7028
035 0 $aocm02775539
040   $aDLC$cNRC$dSER$dUKM$dHTV
043   $ae-uk-en
050 0 $aNA997.V3$bW47
050 0 $aNA997.V3$bW47 1954
082 04$a720.942$218
100 1 $aWhistler, Laurence,$d1912-
245 14$aThe imagination of Vanbrugh and his fellow artists.
260   $aLondon,$bArt & Technics,$c1954.
300   $axv, 269 p.$billus., plans.$c32 cm.
504   $aBibliography: p. [255]-258.
600 10$aVanbrugh, John,$cSir,$d1664-1726.
650  0$aArchitecture$zEngland.
988   $a20020608
906   $0DLC

