LEADER 02252cam a22003371  4500
001 004000337-X
005 20070901105630.0
008 781214s1915    maua          000 0 eng  
010   $a   16008704 //r955
035 0 $aocm02777972
040   $aDLC$cDLC$dHTV
043   $ae-gr---
050 00$aPN2122$b.R5 1915
100 1 $aRidgeway, William,$cSir,$d1853-1926.
245 14$aThe dramas and dramatic dances of non-European races in special reference to the origin of Greek tragedy,$bwith an appendix on the origin of Greek comedy,$cby William Ridgeway ...
260   $aCambridge,$bThe University press,$c1915.
300   $aXV, 448 p.$billus.$c26 cm.
500   $a"The present volume is a sequel to my Origin of tragedy, published in 1910, or rather it is an expansion of a short chapter in that work ... The materials here presented formed the subject of a set of public lectures delivered at Cambridge in the Michaelmas term of 1913. On December 10th of the same year the leading results of that course were laid before the British academy in a paper, a summary of which appeared in the Athenaeum of December 20th, 1913."--Pref.
505 0 $aThe origin of Greek tragedy -- The sacred dramas of Western Asia -- Ancient Egypt -- Hindustan -- Java -- The religious ideas of the Burmese -- The indigenous drama of the Malay Peninsula -- Cambodia -- China -- Japan -- Dramatic dances of the people of the Indian and Pacific Oceans, Australia, Africa and America -- Addenda. The Burmese Nat-Pwes -- The 'inviting-in' feast of the Alaska Eskimo -- The origin of Greek comedy and the sudden rise of the old attic comedy.
650  0$aDrama$xHistory and criticism.
650  0$aGreek drama$xHistory and criticism.
650  0$aDrama$xOrigin.
650  0$aDance$xHistory.
650  0$aTragedy.
650  0$aGreek drama (Tragedy)$xHistory and criticism.
650  0$aMythology, Greek, in literature.
655  7$aCriticism, interpretation, etc.$2fast
655  7$aHistory.$2fast
776 08$iOnline version:$aRidgeway, William, Sir, 1853-1926.$tDramas and dramatic dances of non-European races in special reference to the origin of Greek tragedy.$dCambridge, University Press, 1915$w(OCoLC)580456256
988   $a20020608
906   $0DLC

