LEADER 01241cam a2200325I  4500
001 004000338-8
005 20070901105630.0
008 770304s1937    enkef    b    000 0 eng  
010   $a   37030653 
035 0 $aocm02778102
040   $aDLC$cNRC$dOCL$dHTV
043   $af-ua---$ae-gr---
050   $aNA279.E4$bN6
050   $aNA279.E4$bN6 1937
082   $a709.62
100 1 $aNoshy, Ibrahim.
245 14$aThe arts in Ptolemaic Egypt;$ba study of Greek and Egyptian influences in Ptolemaic architecture and sculpture,$cby Ibrahim Noshy ...
246 3 $aPtolemaic architecture and sculpture.
260   $aLondon,$bOxford university press, H. Milford,$c1937.
300   $ax p., 1 ℓ., 153 p., 1 ℓ.$bXVIII pl. (incl. plans) on 9 ℓ.$c26 x 20 cm.
502   $a"A thesis approved by the University of London for the degree of PH. D."
504   $aBibliographical foot-notes.
650  0$aArchitecture, Greek.
650  0$aArchitecture, Egyptian.
650  0$aTombs$zEgypt.
650  0$aSculpture, Greek.
650  0$aSculpture, Egyptian.
776 08$iOnline version:$aNoshy, Ibrahim.$tArts in Ptolemaic Egypt.$dLondon, Oxford University Press, H. Milford, 1937$w(OCoLC)566133423
988   $a20020608
906   $0DLC

