LEADER 01427cam a2200277Ia 4500
001 004000339-6
005 20081201111859.0
008 770310s1955    fr abef  bc   000 0 fre d
035 0 $aocm17399939
035 0 $aocm02790300
040   $aTEU$cTEU$dOCL$dHTV
245 00$aArt et civilisation des Étrusques :$b[exposition] Octobre-Decembre.
260   $a[Paris] :$bÉditions des Musées nationaux,$c1955.
300   $axx, 113 p., 56 p. of plates :$bill., map, plan ;$c21 cm.
500   $aAt head of title: Musée du Louvre.
500   $a"Le présent catalogue a été rédigé d'après la deuxième édition du catalogue de l'Exposition de Milan [Mostra dell'arte e della civiltà etrusca : aprile-giugno 1955, Milano, Palazzo reale (Milano : Silvana, c1955)] ...."--p. xix.
500   $a"L'adaptation du catalogue de Milan a été réalisée par M. Jean Charbonneaux, avec la collaboration de Mlle. Marie-Françoise Briguet qui a traduit les textes italiens"--p. xix.
500   $a"Les spécialistes pourrant se référer au catalogue de Milan, 2e édition, pour les descriptions de détail et les notices bibliographiques particulières"--p. xix.
504   $aBibliography: p. xv-xviii.
650  0$aEtruscans$vExhibitions.
650  0$aArt, Etruscan$vExhibitions.
651  0$aEtruria$vExhibitions.
700 1 $aCharbonneaux, Jean,$d1895-1969.
710 2 $aMusée du Louvre.
988   $a20020608
906   $0OCLC

