LEADER 00606cam a2200181I  4500
001 004000340-X
005 20070901105631.0
008 770318s1960    be            000 0 fre d
035 0 $aocm02813514
040   $aKSU$cKSU$dOCL$dHTV
110 2 $aPalais des beaux-arts (Brussels, Belgium)
245 10$a5000 ans d'art égyptien.$b[Exposition] Mars-Juin 1960.
260   $aBruxelles,$bMinistère de l'Instruction Publique,$c1960.
300   $a45 p., 32 p. of plates.$bill.$c22 cm.
650  0$aArt, Egyptian$xExhibitions.
710 1 $aBelgium.$bMinistère de l'instruction publique.
988   $a20020608
906   $0OCLC

