LEADER 00744cam a2200205Ii 4500
001 004000341-8
005 20070901105631.0
008 770321s1947    enka          000 0 eng d
035 0 $aocm02820898
035 0 $aocm26641015
040   $aZYU$cZYU$dOCL$dHTV
100 0 $aRembrandt Harmenszoon van Rijn,$d1606-1669.
245 00$aRembrandt :$bselected drawings /$cby Otto Benesch.
260   $aLondon :$bPhaidon Press;$aNew York :$bOxford University Press,$c1947.
300   $a2 v. :$b292 ill. ;$c32 cm.
505 0 $a[v.1] text; has title, Catalog of Rembrandt's selected drawings.--[v.2] plates.
600 00$aRembrandt Harmenszoon van Rijn,$d1606-1669.$tSelected drawings.
700 1 $aBenesch, Otto,$d1896-1964.
988   $a20020608
906   $0OCLC

