LEADER 00800nam a2200229Ia 4500
001 004000344-2
005 20100331090155.0
008 770328s1900    enkaf         000 0 eng  
010   $a   43041632 
035 0 $aocm02842920
040   $aDLC$cYDM$dHTV
043   $af-ua---
050 0 $aNK3810$b.W3
050 0 $aNK3810$b.W3 1900
100 1 $aWallis, Henry,$d1830-1916.
245 10$aEgyptian ceramic art :$btypical examples of the art of the Egyptian potter portrayed in colour plates /$cwith text illustrations drawn and described by Henry Wallis.
260   $aLondon :$bPrinted by Taylor and Francis,$c1900.
300   $axix, 37 p., 12 leaves of plates :$bill. (some col.) ;$c30 cm.
500   $a"Edition of two hundred copies."
650  0$aPottery, Egyptian.
988   $a20020608
906   $0DLC

