LEADER 00729nam a2200193Ii 4500
001 004000345-0
005 20020606095253.2
008 770404s1969    quc           000 0 fre d
035 0 $aocm02857355
040   $aVTU$cVTU$dHLS
100 1 $aBédard, Robert,$d1946-
245 10$aClinique sociologique et profession de sociologue:$bbibliographie,/$cRobert Bedard.
260   $aQuebec :$bInstitut supérieur des sciences humaines, Université Laval,$c1969.
300   $a52 leaves ;$c28 cm.
490 1 $aCollection Instruments de travail,$vno. 3
650  0$aSociology$xBibliography.
830  0$aCollection Instruments de travail (Université Laval. Institut supérieur des sciences humaines) ;$vno. 3.
988   $a20020608
906   $0OCLC

