LEADER 01080nam a2200289I  4500
001 004000347-7
005 20131007154457.0
008 770404m19491965fr       b    000 0 fre c
010   $aa  51005537 //r2
035 0 $aocm04796636
035 0 $aocm02858473
040   $aRochester. Univ. Libr.$cTJC$dHTV
050 0 $aDS46$b.I214
050 0 $aDS46$b.I214 1951
100 1 $aIbn Jubayr, Muḥammad ibn Aḥmad,$d1145-1217.
245 00$aVoyages.$cTraduits et annotés par Maurice Gaudefroy-Demonbynes.
260   $aParis,$bP. Geuthner,$c1949-1965.
300   $a4 v.$c27 cm.
490 1 $aDocuments relatifs à l'histoire des Croisades, publiés par Académie des inscriptions et belles-lettres. 4-
500   $aJourneys from Granada to Mecca and the East in the 12th century.
504   $aBibliographical footnotes.
651  0$aMiddle East$xDescription and travel.
651  0$aIslamic countries.
700 1 $aGaudefroy-Demombynes, Maurice,$d1862-1957,$eed. and tr.
830  0$aDocuments relatifs à l'histoire des Croisades ;$v4-7
988   $a20020608
906   $0OCLC

