LEADER 00844nam a2200253I  4500
001 004000348-5
005 20020606095253.2
008 770406s1928    nyuc    r     000 0 eng  
010   $a   28009669 
035 0 $aocm02863691
040   $aDLC$cZYU$dHLS
043   $ae-gx---
050 0 $aHX276$b.B45
100 1 $aBebel, August,$d1840-1913.
245 10$aSpeeches of August Bebel,$cwith a critical introduction.
260   $aNew York,$bInternational Publishers,$c[c1928]
300   $avi, 7-96 p.$c19 cm.
490 0 $aVoices of revolt; vol. VI
500   $aPortrait on cover.
500   $aFull name: Ferdinand August Bebel.
650  0$aSocialism$zGermany.
776 08$iOnline version:$aBebel, August, 1840-1913.$tSpeeches of August Bebel.$dNew York, International Publishers, [©1928]$w(OCoLC)752449712
988   $a20020608
906   $0DLC

