LEADER 01179nam a2200289I  4500
001 004000349-3
005 20070901105631.0
008 770407s1928    gw af    b    000 0bger  
010   $a   31024673 
035 0 $aocm02869434
040   $aDLC$cMIA$dHTV
050 0 $aND623.C26$bZ3
050 0 $aND623.C26$bZ3 1928
100 1 $aCaravaggio, Michelangelo Merisi da,$d1573-1610.
245 10$aCaravaggio;$c44 lichtdrucktafeln und 12 abbildungen im text, mit einem kapitel über: Caravaggio und die kunst der gegenwart, von Georg Kirsta.
260   $aBerlin,$bAlbertusverlag$c[c1928]
300   $a63, [1] p., 1 ℓ.$billus., xliv pl. (incl. front.) on 23 ℓ.$c31 cm.
500   $aAt head of title: Leopold Zahn.
500   $aEach plate accompanied by guard sheet with descriptive letter-press.
504   $a"Bibliographie": p. [59]-63.
600 10$aCaravaggio, Michelangelo Merisi da,$d1573-1610.
650  0$aPainting, Italian.
700 1 $aZahn, Leopold,$d1890-
700 1 $aKirsta, Georg.
776 08$iOnline version:$aCaravaggio, Michelangelo Merisi da, 1573-1610.$tCaravaggio.$dBerlin, Albertusverlag [©1928]$w(OCoLC)741765641
988   $a20020608
906   $0DLC

