LEADER 00579nam a2200193Ii 4500
001 004000351-5
005 20020606095253.2
008 770414s1893    ilu           000 1 eng d
035 0 $aocm02886922
040   $aUCW$cUCW$dHLS
050  4$aPS3500.A1$bB4
090   $aPS3500.A1$bB4
245 04$aThe beginning :$ba romance of Chicago as it might be /$cwith introductory letters by Hon. Hempstead Washburne [et al.]
260   $aChicago :$bC.H. Kerr,$c1893.
300   $a126 p. ;$c20 cm.
440  0$aLibrary of progress ;$vno. 6
500   $aA novel.
988   $a20020608
906   $0OCLC

