LEADER 00785nam a2200205Ii 4500
001 004000353-1
005 20071015202601.0
008 770420s1923    it            000 0 ita d
035 0 $aocm02903151
040   $aIQU$cIQU$dHTV
100 1 $aPandolfini Barberi, Antonio.
245 10$aBurattini e burattinai bolognesi /$cAntonio Pandolfini Barberi ; con una commedia inedita di Augusto Galli ; e appendice di Oreste Trebbi ; illus. di Augusto Majani.
260   $aBologna :$bN. Zanichelli,$c1923.
300   $a184 p., [26] leaves of plates :$bill. ;$c19 cm.
500   $a"Il muto di San Malò, by Augusto Galli": p. 117-149.
650  0$aPuppets$zItaly$zBologna.
650  0$aPuppet plays$zItaly$zBologna.
700 1 $aGalli, Augusto.$tMuto di San Malò.
988   $a20020608
906   $0OCLC

