LEADER 00730nam a2200241I  4500
001 004000354-X
005 20020606095253.2
008 770421s1958    gw            000 0 ger  
010   $a   65055908 /L
035 0 $aocm02904699
040   $aDLC$cUCW$dHLS
050   $aVG173$b.B38
100 1 $aBauer, Werner.
245 10$aGeschichte des Marinesanitätswesens bis 1945.
260   $aBerlin,$bE. S. Mittler,$c1958.
300   $a138 p.$c25 cm.
490 1 $aMarine Rundschau. Zeitschrift für Seewesen. Beiheft 4
610 10$aGermany.$bKriegsmarine
650  0$aPublic health$zGermany$zKriegsmarine.
650  0$aMedicine, Naval$xHistory.
830  0$aMarine-Rundschau.$pBeiheft (1956- ) ;$v2.
988   $a20020608
906   $0DLC

