LEADER 00716cam a22002171  4500
001 004000355-8
005 20080721140820.0
008 770510s1911    it aef   c    000 0 ita  
010   $a   14009094 //r82
035 0 $aocm02921140
040   $aDLC$cSMI$dDLC$dHTV
043   $ae-it---
050 0 $aN4850 1911$b.A6
111 1 $aInternational Fine Arts Exhibition$d(1911 :$cRome, Italy)
245 00$aCatalogo della Mostra archeologico nelle Terme di Diocleziano.
260   $aBergamo,$bIstituto italiano d'arti grafiche,$c1911.
300   $a193 p.$bfront. (plan) illus., col. pl.$c18 cm.
610 20$aBaths of Diocletian (Rome, Italy)
650  0$aClassical antiquities$vExhibitions.
988   $a20020608
906   $0DLC

