LEADER 00833nam a2200265I  4500
001 004000356-6
005 20020606095253.2
008 770503s1932    xx            000 0 eng  
010   $a   32007000 
035 0 $aocm02938705
040   $aDLC$cIRU$dIRU$dHLS
050 0 $aHD3616.U47$bB4
082   $a338.0973
100 1 $aBeard, Charles Austin,$d1874-1948.
245 14$aThe myth of rugged American individualism,$cby Charles A. Beard.
246 3 $aAmerican individualism.
260   $aNew York,$bJohn Day Co.$c[c1932]
300   $a27 p.$c20 cm.
440  4$aThe John Day pamphlets,$vno. 6
500   $a"Appeared originally as an article in Harpers magazine."--p. [4]
650  0$aIndustrial policy$zUnited States.
650  0$aIndividualism.
651  0$aUnited States$xEconomic policy.
988   $a20020608
906   $0DLC

