LEADER 01777cam a2200349I  4500
001 004000357-4
005 20060522173140.0
008 770505s1827    pau           000 0 eng d
035 0 $aocm29884171
035 0 $aocm02942229
040   $aAQM$cAQM$dOCL$dHVL
090   $aK46$b.N5 57822
110 2 $aPennsylvania Society for the Promotion of Manufactures and the Mechanic Arts.
245 10$aTo the citizens of the United States.
246 3 $aAt a meeting of the Pennsylvania Society for the Promotion of Manufactures and the Mechanic Arts ...
246 3 $aSome views on the national policy of protection to manufactures.
260   $a[Philadelphia.$c1827]
300   $a[3],4-12p.$c23cm.
500   $aCaption title.
500   $aSigned on p.12 by a committee of the Society and dated "Philadelphia, May 19, 1827."
500   $aPage [1-2], preceding text, begins "At a meeting of the Pennsylvania Society for the Promotion of Manufactures and the Mechanic Arts, held in Philadelphia, on the 14th of May, 1827," and concerns a resolution naming a committee "to frame an address to the citizens of the United States" emphasizing the need for a national policy for the protection of domestic manufactures, and calling for state and national conventions to discuss the subject. Signed by C. J. Ingersoll, Vice President.
650  0$aWool industry$zUnited States.
650  0$aProtectionism.
650  0$aTariff$zUnited States.
650  0$aAgriculture$zUnited States.
650  0$aManufactures$zUnited States.
650  0$aManufacturing industries$zUnited States.
700 1 $aIngersoll, Charles Jared,$d1782-1862.
830  0$a19th-century legal treatises ;$vno. 57822.$5law
830  0$aMaking of modern law$5net
988   $a20020608
906   $0OCLC

