LEADER 00815nam a2200241I  4500
001 004000358-2
005 20020606095253.2
008 770509s1806    pau    b      000 0 eng  
010   $a   31012426 
035 0 $aocm15452417
035 0 $aocm02949388$zocm28051891
040   $aDLC$cYYP$dYYP$dHVL
090   $aKF8870$b.R41
100 1 $aRead, Collinson,$d1751-1815.
245 14$aThe American pleader's assistant,$bbeing a collection of approved declarations, writs, returns, and proceedings in the several actions now in use within the United States.
260   $aPhila.,$bHugh Maxwell;$aNew York,$bI. Riley,$c1806.
300   $a450 p.$c22 cm.
650  0$aPleading$zUnited States.
650  0$aForms (Law)$zUnited States.
650  4$aPleading.
650  4$aPleading$xForms.
988   $a20020608
906   $0DLC

