LEADER 00586nam a2200193I  4500
001 004000359-0
005 20020606095253.2
008 770511s1959    ag a          000 0 spa  
010   $a   67041192 
035 0 $aocm02956487
040   $aDLC$cNOC$dHLS
050 0 $aPQ7797.B41517$bD5
100 1 $aBecco, Horacio Jorge,$d1924-
245 10$aDiálogo del hombre y la llanura:$b[poemas]$cXilografías de Ana María Moncalvo.
260   $a[Buenos Aires]$bEdiciones Mundonuevo$c[1959]
300   $a100 p.$billus.$c23 cm.
490 0 $aColección El Hilo de viento
988   $a20020608
906   $0DLC

