LEADER 00855cam a22002531  4500
001 004000360-4
005 20130501144014.0
008 770531s1961    fr a     b    001 0 fre  
010   $a   62041541 
035 0 $aocm02958454
035 0 $aocm02958454$zocm08991919
040   $aDLC$cBXM$dDLC$dHLS
050 0 $aN8217.E6$bB3
100 1 $aBataille, Georges,$d1897-1962.
245 14$aLes larmes d'Éros.
260   $aParis :$bJ.-J. Pauvert,$c1961.
300   $a249 p. (chiefly illus. (part col.))$c19 cm.
490 0 $aBibliothèque internationale d'érotologie,$v6
500   $aA duplicate copy of this title was part of the Julio Mario Santo Domingo Collection, but was not retained.
504   $aIncludes bibliographical references.
650  0$aErotic art.
710 2 $aJulio Mario Santo Domingo Collection.$5wid
988   $a20020608
906   $0DLC

