LEADER 00920cam a2200265I  4500
001 004000361-2
005 20020606095253.2
008 770523s1923    nyuabcf       000 0 eng  
010   $a   23012528 
035 0 $aocm02988989
040   $aDLC$cDMM$dSER$dHLS
043   $an-us---
050 0 $aE178.1$b.B365
100 1 $aBeard, Charles Austin,$d1874-1948.
245 14$aThe history of the American people.
250   $aRev. ed.$bBy Charles A. Beard and William C. Bagley.
260   $aNew York,$bThe Macmillan Company,$c1923.
300   $axvi, 708 p. incl. front. (port) illus.$bcol. plates, maps.$c21 cm.
500   $a"Problems for further study" at end of each chapter.
651  0$aUnited States$xHistory.
655  7$aHistory.$2fast
700 1 $aBagley, William C.$q(William Chandler),$d1874-1946.
700 1 $aBagley, William C.$q(William Chandler),$d1874-1946,$eauthor.
988   $a20020608
906   $0DLC

