LEADER 01594cam a2200349I  4500
001 004000362-0
005 20020606095253.2
008 770526s1917    enk           000 0 eng  
010   $a   18001136 
035 0 $aocm02995943
040   $aDLC$cEMU$dEMU$dSER$dHLS
041 0 $aengang
043   $ae-uk-en
050 0 $aPE137$b.B4
100 0 $aBede,$cthe Venerable, Saint,$d673-735
245 00$aSelections from the Old English Bede,$bwith text and vocabulary on an early West Saxon basis, and a skeleton outline of Old English accidence,$cby W. J. Sedgefield ...
260   $aManchester,$bUniversity Press;$aLondon,$aNew York [etc.]$bLongmans, Green & Co.,$c1917.
300   $a4 p. ℓ., 109 p.$c19 cm.
440  0$aPublications of the University of Manchester ;$vno. 110
500   $aThe version usually attributed to King Alfred.
650  0$aEnglish language$yOld English, approximately 450-1100$xGrammar.
651  0$aEngland$xChurch history.
651  0$aEngland$xChurch history$y449-1066.
650  0$aEnglish language$yOld English, ca. 450-1100$xGrammar.
655  7$aChurch history.$2fast
700 0 $aAlfred,$cKing of England,$d849-899,$etr.
700 1 $aSedgefield, Walter John,$d1866-$eed.
700 0 $aAlfred,$cKing of England,$d849-899,$etranslator.
700 1 $aSedgefield, Walter John,$d1866-1945,$eeditor.
776 08$iOnline version:$aBede, the Venerable, Saint, 673-735.$tSelections from the Old English Bede.$dManchester, University Press; London, New York [etc.] Longmans, Green & Co., 1917$w(OCoLC)663172523
988   $a20020608
906   $0DLC

