LEADER 00845nam a22002411  4500
001 004000363-9
005 20020606095253.2
008 770506s1575    it            000 0 lat  
010   $a   76388459 
035 0 $aocm03001339
040   $aDLC$cDLC$dHVL
100 1 $aMonticellus, Joannes Maria.
245 10$aAureum repertorium de testibus in materiis civilibus et criminalibus :$btitulorum ordine digestum & ordinatum. /$cA Joanne Maria Monticello.
246 3 $aPraxis criminalis.
250   $aNunc primum in lucem editum. Accessit eiusdem Praxis criminalis regulis xx congesta.
260   $aVenetiis :$c1575.
300   $a448, 187 p. ;$c22 cm.
650  0$aWitnesses (Roman law)$vEarly works to 1800.
650  0$aTrial practice$vEarly works to 1800.
650  0$aWitnesses.
650  0$aTrial practice.
988   $a20020608
906   $0DLC

