LEADER 01351cam a2200289I  4500
001 004000365-5
005 20020606095253.2
008 770603s1824    pau           000 0 eng u
035 0 $aocm03014302
040   $cAQM$dOCL$dHVL
043   $an-us-pa
100 1 $aRawle, William,$d1759-1836.
245 10$aTwo addresses to "The Associated Members of the Bar of Philadelphia."$bPronounced by William Rawle,Esquire, Chancellor of the Association.
260   $aPhiladelphia.$c1824.
300   $a[3],4-52p.$c21cm.
500   $aPages [19]-36 contain: "The Great Law, or, The body of laws of ye province of Pennsylvania and territorys thereunto belonging, past at an assembly at Chester, als. Upland, the seventh day of ye tenth month, December, 1682." Corrections in capitalization have been made in a contemporary hand.
650  0$aLaw.
650  0$aLaw$zPennsylvania$xHistory.
650  0$aLawyers$zPennsylvania.
651  0$aPennsylvania$xPolitics and government$yTo 1775.
655  7$aHistory.$2fast
710 1 $aPennsylvania.$kLaws, statutes, etc.
710 2 $aAssociated Members of the Bar of Philadelphia.
710 1 $aPennsylvania.
776 08$iOnline version:$aRawle, William, 1759-1836.$tTwo addresses to "The Associated Members of the Bar of Philadelphia.".$dPhiladelphia. 1824$w(OCoLC)719422085
988   $a20020608
906   $0MH

