LEADER 00779cam a2200217I  4500
001 004000366-3
005 20071015202602.0
008 770613s1924    ce abcf       000 0 eng  
010   $a   26011649 
035 0 $aocm03037468
040   $aDLC$cJHE$dJHE$dSER$dHTV
050 0 $aDS489$b.S65
050 0 $aDS489$b.S65 1924
100 1 $aSpittel, Richard,$d1881-
245 10$aWild Ceylon,$bdescribing in particular the lives of the present day Veddas,$cby R.L. Spittel. With illustrations from photographs by the author ...
260   $aCeylon,$bThe Colombo Apothecaries Co., ltd.,$c1924.
300   $a8 p. ℓ., 260 p.$bfront., plates, ports., fold. map.$c22 cm.
650  0$aVedda (Sri Lankan people)
651  0$aSri Lanka$xDescription and travel.
988   $a20020608
906   $0DLC

