LEADER 00710nam a2200229I  4500
001 004000367-1
005 20020606095253.2
008 770616s1833    fr            000 0 fre  
010   $a   38037650 
035 0 $aocm03046138
040   $aDLC$cFUB$dHVL
100 1 $aProudhon,$cM.$q(Jean Baptiste Victor),$d1758-1838.
245 10$aTraité des droits d'usufruit, d'usage, d'habitation et de superficie, /$cpar Proudhon.
260   $aBruxelles :$bH. Tarlier,$c1833.
300   $a5 v. ;$c23 cm.
650  0$aUsufruct$zFrance.
650  0$aReal property$zFrance.
650  0$aServitudes$zFrance.
650  0$aCommons$zFrance.
650  0$aForestry law and legislation$zFrance.
988   $a20020608
906   $0DLC

