LEADER 01471nam a2200337I  4500
001 004000368-X
005 20020606095253.2
008 770616m18431845fr            000 0 fre  
010   $a   29029638 
035 0 $aocm03046188
040   $aDLC$cFUB$dHVL
043   $ae-fr---
050 00$aKJV5116$b.P76 1843
100 1 $aProudhon,$cM.$q(Jean Baptiste Victor),$d1758-1838.
245 00$aTraité du domaine public;$bou, De la distinction des biens considérés principalement par rapport au domaine public;$cpar J.-B.-Victor Proudhon.
250   $a2. éd.,$brev., mise en harmonie avec la législation actuelle, et augm. d'un commentaire de la Loi sur les chemins vicinaux, ainsi que des règles relatives à l'alignement; par M. Victor Dumay.
260   $aDijon,$bV. Lagier,$c1843-45.
300   $a4 v. in 5.$c22 cm.
500   $aVol. 2 in 2 parts.
500   $aFirst edition, 1839.
500   $a"Table des auteurs et ouvrages cités dans le Traité du domaine public": t. 4, p. [858]-866.
650  0$aPublic domain.
650  0$aHighway law$zFrance.
650  0$aWater$xLaw and legislation$zFrance.
650  0$aPublic domain$zFrance.
700 1 $aDumay, Victor,$d1798-1849,$eeditor.
710 1 $aFrance.$kLaws, statutes, etc.
710 1 $aFrance.
776 08$iOnline version:$aProudhon, M. (Jean Baptiste Victor), 1758-1838.$tTraité du domaine public.$b2. éd.$dDijon, V. Lagier, 1843-45$w(OCoLC)656952209
988   $a20020608
906   $0DLC

