LEADER 00661nam a2200193Ii 4500
001 004000369-8
005 20070901105632.0
008 770621s1923    nyu      b    001 0 eng d
035 0 $aocm03059048
040   $aIAY$cIAY$dHTV
100 1 $aHobson, Ernest William,$d1856-1933.
245 14$aThe domain of natural science :$bthe Gifford lectures delivered in the University of Aberdeen in 1921 and 1922 /$cby E. W. Hobson.
260   $aNew York :$bMacmillan,$c1923.
300   $axvi, 510 p.$c23 cm.
504   $aIncludes bibliographical references and index.
650  0$aScience$xHistory.
830  0$aGifford lectures ;$v1921-1922.
988   $a20020608
906   $0OCLC

