LEADER 00870nam a2200169I  4500
001 004000371-X
005 20020606095253.2
008 770629s1656    enk           000 0 eng d
035 0 $aocm03082492
040   $aOCP$cOCP$dHVL
100 1 $aPrynne, William,$d1600-1669.
245 12$aA legal resolution of two important quaeres of general present concernment.$bClearly demonstrating from our statute, common and canon laws, the bounden duty of ministers, & vicars of parish churches, to administer the sacraments, as well as preach to their parishioners; with the legal remedies to reclaim them from, or punish and remove them for their wilfull obstinacy in denying the sacraments to them.$cBy William Prynne, esq.
260   $aLondon,$bprinted by F. L.,$c1656.
300   $a[2] 30 (i. e. 28) p.$c18 cm.
610 24$aChurch of England$xDiscipline.
988   $a20020608
906   $0OCLC

