LEADER 00899nam a2200277Ii 4500
001 004000372-8
005 20020606095253.2
008 770630s1816    fr       b    000 0 fre d
035 0 $aocm03085308
040   $aKKU$cKKU$dHVL
050  4$aJC179$b.M72 1816
090   $aJC179$b.M72 1816
100 1 $aMontesquieu, Charles de Secondat,$cbaron de,$d1689-1755.
245 10$aDe l'esprit des lois /$cpar Montesquieu.
250   $aÉd. stéréotype /$bd'après le procédé de Firmin Didot.
260   $aParis :$bDidot,$c1816.
300   $a2 v. ;$c14 cm.
490 1 $aHis Oeuvres de Montesquieu
504   $aIncludes bibliographical references.
650  0$aPolitical science.
650  0$aState, The.
650  0$aLaw$xPhilosophy.
650  0$aJurisprudence.
800 1 $aMontesquieu, Charles de Secondat,$cbaron de,$d1689-1755.$tOeuvres de Montesquieu.
988   $a20020608
906   $0OCLC

