LEADER 00975nam a2200253I  4500
001 004000373-6
005 20020606095253.2
008 770701s1967    ru       b    000 0 rusr 
010   $a   67115226 
035 0 $aocm03087131
040   $aDLC$cTJC$dHLS
043   $aee-----
050 0 $aHC244$b.B353
100 1 $aBautina, N. V.$q(Ninelʹ Vladimirovna)
245 10$aĖkonomicheskie problemy ravitii︠a︡ mirovoĭ sistemy sot︠s︡ializma.
260   $a[Moskva]$bIzd-vo Moskovskogo universiteta,$c1967.
300   $a167 p.$c22 cm.
500   $aAt head of title: N. V. Bautina.
504   $aBibliographical footnotes.
651  0$aEurope, Eastern$xEconomic integration.
651  0$aEurope, Eastern$xForeign economic relations.
776 08$iOnline version:$aBautina, N.V. (Ninelʹ Vladimirovna).$tĖkonomicheskie problemy ravitii͡a mirovoĭ sistemy sot͡sializma.$d[Moskva] Izd-vo Moskovskogo universiteta, 1967$w(OCoLC)581826398
988   $a20020608
906   $0DLC

