LEADER 01056nam a2200241I  4500
001 004000374-4
005 20060710134254.0
008 770705s1924    au ab    b    000 0 ger c
010   $aa  27000405 
035 0 $aocm03094363
040   $aStanford Univ.$cLDL$dHLS
090   $aAS142$b.V31 v. 200, pt. 3
100 1 $aBecker, Philipp August,$d1862-1947.
245 00$aBonaventure des Periers als Dichter und Erzähler,$cvon Ph. Aug. Becker. Vorgelegt in der Sitzung am 10. Oktober 1923.
260   $aWien,$aLeipzig,$bHölder-Pichler-Tempsky a.-g.,$c1924.
300   $a99 p.$billus. (map)$c24 cm.
490 1 $aAkademie der Wissenschaften in Wien. Philosophisch-historische Klasse. Sitzungsberichte ;$v200. Bd., 3. Abh.
500   $a"Gedruckt aus den Mitteln des Jerome und Margaret Stonboroughfonds."
504   $a"Literatur" : p. [3]
600 10$aDes Périers, Bonaventure,$d1500?-1544?
830  0$aSitzungsberichte (Akademie der Wissenschaften in Wien. Philosophisch-Historische Klasse) ;$v200. Bd., 3. Abhandlung.
988   $a20020608
906   $0OCLC

