LEADER 01591nam a2200253I  4500
001 004000375-2
005 20070901105632.0
008 770706s1923    nyubcfh       000 0 eng  
010   $a   23017406 
035 0 $aocm03094411
040   $aDLC$cRRR$dHTV
050 0 $aG463$b.C88
050 0 $aG463$b.C88 1923
100 1 $aCurzon of Kedleston, George Nathaniel Curzon,$cMarquess,$d1859-1925.
245 10$aTales of travel,$cby the Marquess Curzon of Kedleston.
260   $aNew York,$bGeorge H. Doran company$c[c1923]
300   $axxii p., 1 l., 25-405 p. incl. mounted front., mounted plates, mounted ports.$bfold. map, fold. facsim.$c25 cm.
505 0 $aThe drums of Kairwan.--The Amir of Afghanistan.--The voice of Memnon.--The falls of the Zambesi.--The great waterfalls of the world.--"Lest we forget." I. The death-bed of Sir Henry Lawrence. II. The billiard table of Napoleon.--The palaestra of Japan.--Pages from a diary.--Humours of travel.--The singing sands.
504   $aIncludes bibliographical references.
520   $aThe drums of Kairwan -- The Amir of Afghanistan -- The voice of Mennon -- The falls of the Zambesi -- The great waterfalls of the world -- "Lest we forget." I. The death-bed of Sir Henry Lawrence. II. The billiard table of Napoleon -- The palaestra of Japan -- Pages from a diary -- Humours of travel -- The singing sands.
650  0$aVoyages and travels.
776 08$iOnline version:$aCurzon, George Nathaniel Curzon, Marquis of, 1859-1925.$tTales of travel.$dNew York, George H. Doran Co. [©1923]$w(OCoLC)578987992
988   $a20020608
906   $0DLC

