LEADER 01023cam a2200229I  4500
001 004000376-0
005 20020606095253.2
008 770708s1792    xx            000 0 eng  
010   $a   08018520 
035 0 $aocm03101086
040   $aDLC$cISB$dHVL
100 1 $aPriestley, Joseph,$d1733-1804.
245 13$aAn appeal to the public, on the subject of the riots in Birmingham.$bTo which are added, Strictures on a pamphlet, intitled 'Thoughts on the late riot at Birmingham'.$cBy Joseph Priestley.
250   $a2d ed.
260   $aBirmingham [Eng.]$bPrinted by J. Thompson, sold by J. Johnson,$c1792.
300   $a2 v. in 1.$c22 cm.
500   $aVol. 2 has title: An appeal to the public, on the subject of the riots in Birmingham, part II. To which is added A letter from W. Russell, esq., to the author. By Joseph Priestley ... London, Printed for J. Johnson, 1792.
500   $aCrook PS/284, 286.
650  0$aRiots$zEngland$zBirmingham.
700 1 $aRussell, William,$d1740-1818.
988   $a20020608
906   $0DLC

