LEADER 00682nam a2200169I  4500
001 004000377-9
005 20020606095253.2
008 770718s1814    nyu           000 0 eng u
035 0 $aocm03123400
040   $cAQM$dHLS
100 1 $aBeers, Andrew,$d1749-1824.
245 00$aBeers' calendar; or, Southwick's almanack, for the year of our Lord 1815$b... Calculated for the meridian of Albany--north latitude 42 degrees 45 minutes--from the English observatory, 73 degrees and 8 minutes west. ...
260   $aAlbany [N.Y.]:$bPrinted by H. C. Southwick ...$c[1814]
300   $a[16],17-36p.$c17cm.
500   $aAdvertised in the Albany Register, Sept. 20, 1814.
988   $a20020608
906   $0MH

