LEADER 01647cam a22003251  4500
001 004000378-7
005 20050319122010.0
008 770802s1894    au            000 0 ger  
010   $a   04011596 //r85
035 0 $aocm03133613
040   $aDLC$cYUS$dHLS
043   $ae-sp---
050 0 $aZ6620.S7$bB4
100 1 $aBeer, Rudolf,$d1863-1913.
245 10$aHandschriftenschätze Spaniens.$bBericht über eine im auftrage der Kaiserlichen akademie der wissenschaften in den jahren 1886-1888 durchgeführte forschungsreise.$cVon dr. Rudolf Beer ...
260   $aWien,$bIn commission bei C. Gerold's sohn, buchhändler der K. Akademie der wissenschaften,$c1894.
300   $a1 p. l., 755 p.,$c25 cm.
500   $a"Aus den jahrgängen 1891-1894 der Sitzungsberichte der Phil.-hist. classe der Kais. akademie der wissenschaften (bd. CXXIV, CXXV, CXXVI, CXXVIII, CXXIX, CXXXI) separat abgedruckt."
505 0 $aEinleitung.--Bibliographische uebersicht: 1-616, Aaro-Zaragoza.--Index (Datirte handschriften. Schreiber und illuminatoren. Miniatur codice)
650  0$aManuscripts$zSpain$xCatalogs.
650  0$aLibraries$zSpain.
650  0$aArchives$zSpain.
650  0$aIllumination of books and manuscripts.
650  0$aLiterary journeys$zSpain.
655  7$aCatalogs.$2fast
710 2 $aK. Akademie der Wissenschaften, Vienna.
710 2 $aKaiserl. Akademie der Wissenschaften in Wien.
776 08$iOnline version:$aBeer, Rudolf, 1863-1913.$tHandschriftenschätze Spaniens.$dWien, In commission bei C. Gerold's sohn, buchhändler der K. Akademie der wissenschaften, 1894$w(OCoLC)609512128
988   $a20020608
906   $0DLC

