LEADER 00667nam a2200241I  4500
001 004000379-5
005 20020606095253.2
008 770725s1973    au            000 0 ger  
010   $a   73350383 
020   $a3203504464
035 0 $aocm03137307
040   $aDLC$cTEU$dHLS
050   $aDS423$b.B36
100 1 $aBecsi, Kurt,$d1920-
245 14$aDas indische Zeitalter.$bPerspektiven u. Profile.
260   $a(Wien)$bEuropaverl.$c(1973).
300   $a516 p.$c23 cm.
504   $aIncludes bibliographical references.
650  0$aCivilization$xPhilosophy.
651  0$aIndia$xCivilization.
651  0$aEurope$xCivilization.
988   $a20020608
906   $0DLC

