LEADER 00667nam a2200205I  4500
001 004000380-9
005 20020606095253.2
008 770725s1917    miua          000 0 eng  
010   $a   17028485 
035 0 $aocm03138508
040   $aDLC$cYWM$dYWM$dHLS
050 0 $aGV1447$b.D7
110 0 $aDrueke, Wm. F.,$eco., Grand Rapids, Mich.
245 02$aA beginners book of chess.
260   $aGrand Rapids, Mich.,$bWm. F. Drueke co.,$cc1917.
300   $a32 p.$billus.$c19 cm.
650  0$aChess.
776 08$iOnline version:$aWm. F. Drueke Co.$tBeginners book of chess.$dGrand Rapids, Mich., Wm. F. Drueke Co., ©1917$w(OCoLC)894248877
988   $a20020608
906   $0DLC

