LEADER 00769nam a2200265I  4500
001 004000381-7
005 20070901105632.0
008 770728s1925    gw a     b    000 0 ger  
010   $a   39016475 
035 0 $aocm03145903
040   $aDLC$cPAU$dHTV
050   $aNK6407$b.M6
050   $aNK6407$b.M6 1924
100 1 $aMöller, Georg,$d1876-1921.
245 04$aDie metallkunst der alten Ägypter.
260   $aBerlin,$bE. Wasmuth, a. g.$c[1925]
300   $a71 p.$billus., 48 pl. on 24 ℓ.$c25 cm.
500   $a"Vorwort" signed: A. Scharff.
504   $a"Literatur": p. [69]-71.
650  0$aMetal-work$zEgypt.
650  0$aJewelry, Ancient.
651  0$aEgypt$xAntiquities.
700 1 $aScharff, Alexander,$d1892-1950.
988   $a20020608
906   $0DLC

