LEADER 01367cam a2200289Ia 4500
001 004000382-5
005 20040429073805.0
008 770728s1628    enk           000 0 eng d
035 0 $aocm03146029
040   $aOCP$cOCP$dHVL
245 04$aThe priviledges and practice of Parliaments in England :$bcollected out of the common lawes of this land : commended to the High Court of Parliament now assembled.
260   $a[London] :$bPrinted [by B. Alsop and T. Fawcett],$c1628.
300   $a[6], 46 p. ;$c20 cm.
500   $aSignatures: A-F⁴ G².
500   $aPrinters' names from STC (2nd ed.).
500   $aThe first leaf is blank.
500   $aLeaf A4, quire B, and C inner forme are in two settings: A4r, line 4 of text begins (1) "Tranquilitie" or (2) "Tranquillitie"; B4v, line 1 has (1) "if he" or (2) "if hee". Quires E-G are by a different printer"--cf. STC (2nd ed.).
510 4 $aSTC (2nd ed.)$c7749
610 10$aEngland and Wales.$bParliament$xRules and practice.
610 10$aEngland and Wales.$bParliament$xPrivileges and immunities.
700 1 $aAlsop, Bernard,$eprinter.
700 1 $aFawcett, Thomas,$dactive 1621-1643,$eprinter.
700 1 $aWatkin, E. W.$q(Edward William),$cSir,$d1819-1901,$eformer owner.$5hou
752   $aEngland$dLondon
830  0$aEarly English Books, 1475-1640,$v785.$5mic
988   $a20020608
906   $0OCLC

