LEADER 01345cam a2200337 i 4500
001 004000383-3
005 20020606095253.2
008 750116s1973    fr a     b   f001 0 fre  
010   $a   74195803 //r853
015   $aF74-9565
020   $c200F
020   $c200F
035 0 $aocm03149850
040   $aDLC$cDLC$dHLS
041 0 $afrespa
043   $ae-sp---
050 0 $aN3455.A3$bB42 1973
082   $a707/.11/4641
100 1 $aBédat, Claude.
245 12$aL'Académie des beaux-arts de Madrid :$b1744-1808, contribution à l'étude des influences stylistiques et de la mentalité artistique de l'Éspagne du XVIIIe siècle /$cClaude Bédat, ... [prologue par Enrique Lafuente-Ferrari].
260   $aToulouse (56, rue du Taur 3100) :$bAssociation des publications de l'Université de Toulouse-le-Mirail,$c1973.
300   $axxvi, 478, 107 p. :$bill. ;$c24 cm.
490 1 $aPublications de l'Université de Toulouse-le-Mirail : Série A ;$vt. 19
500   $aOriginally presented as the author's thesis, Toulouse.
500   $aIntrod. in Spanish; text in French.
500   $aIncludes index.
504   $aBibliography: p. [463]-473.
610 20$aReal Academia de Bellas Artes de San Fernando.
830  0$aPublications de l'Université de Toulouse-Le Mirail.$nSérie A. ;$vt. 19.
988   $a20020608
906   $0DLC

