LEADER 01265nam a2200337I  4500
001 004000384-1
005 20070901105633.0
008 770801s1924    gw a     b    001 0 ger  
010   $a   24028975 
035 0 $aocm03151690
040   $aDLC$cPAU$dHTV
043   $af-ua---
050   $aNK8888$b.D5
050   $aNK8888$b.D5 1924
100 1 $aDimand, M.
245 14$aDie Ornamentik der ägyptischen Wollwirkereien;$bStilprobleme der spätantiken und koptischen Kunst,$cvon M. Dimand; herausgegeben vom Kulturhistorischen Museum in Lund (Schweden)
260   $aLeipzig,$bJ. C. Hinrichs,$c1924.
300   $aiv, 76 p.$bxviii pl. on 9 l.$c29 cm.
500   $a"Die technik der ägyptische wollwirkereien. Von Vivi Sylwan": p. 22-28.
504   $a"Die wichtigsten bisherigen veröffentlichungen": p. 1-5.
650  0$aTextile fabrics$zEgypt.
650  0$aDecoration and ornament, Egyptian.
650  0$aTextile design.
650  0$aArt, Coptic.
650  0$aTextile industry$zEgypt.
650  0$aCoptic art.
700 1 $aSylwan, Vivi,$d1870-
710 2 $aKulturen i Lund.
776 08$iOnline version:$aDimand, M.$tOrnamentik der ägyptischen wollwirkereien.$dLeipzig, J.C. Hinrichs, 1924$w(OCoLC)593405948
988   $a20020608
906   $0DLC

