LEADER 00862cam a2200217I  4500
001 004000385-X
005 20020606095253.2
008 770802s1927    nyu           000 1 eng d
035 0 $aocm03153556
040   $aYNG$cYNG$dOCL$dHLS
050  4$aPS3503.E18$bT48 1927b
090   $aPS3503.E18$bT48 1927b
100 1 $aBeck, L. Adams$q(Lily Adams),$d-1931.
245 14$aThe thunderer;$ba romance of Napoleon and Josephine,$cby E. Barrington [pseud.]
260   $aNew York,$bGrosset & Dunlap$c[1927]
300   $a333 p.$c21 cm.
600 00$aNapoleon$bI,$cEmperor of the French,$d1769-1821$vFiction.
600 00$aJosephine,$cEmpress, consort of Napoleon I, Emperor of the French,$d1763-1814$vFiction.
776 08$iOnline version:$aBeck, L. Adams (Lily Adams), -1931.$tThunderer.$dNew York, Grosset & Dunlap [1927]$w(OCoLC)558183207
988   $a20020608
906   $0OCLC

