LEADER 01225cam a2200241I  4500
001 004000386-8
005 20020606095253.2
008 770809m18841903gw a          000 0 ger  
010   $a   05009943 
035 0 $aocm03173880
040   $aDLC$cDRB$dHLS
050 0 $aTS703$b.B39
100 1 $aBeck, Ludwig,$d1841-1918.
245 14$aDie geschichte des eisens in technischer und kulturgeschichtlicher beziehung,$cvon dr. Ludwig Beck.
260   $aBraunschweig,$bF. Vieweg und sohn,$c1884-1903.
300   $a5 v.$billus.,$c24 cm.
500   $aOn cover of v.1: 2. aufl. ... 1892.
504   $aLiterary references in v.2-5.
505 0 $a1. abt. Von der ältesten zeit bis um das jahr 1500 n. Chr. Mit 315 in den text eingedruckten holzstichen. 1884.--2. abt. Das XVI. und XVII. jahrhundert. Mit 232 eingedruckten abbildungen. 1893-95.--3. abt. Das XVIII. jahrhundert. Mit 232 in den text eingedruckten abbildungen. 1897.--4. abt. Das XIX. jahrhundert von 1801 bis 1860. Mit [344] eingedruckten abbildungen. 1899.--5. abt. Das XIX. jahrhundert von 1860 an bis zum schluss. Mit 344 in den text eingedruckten abbildungen. 1903.
650  0$aIron$xHistory.
650  0$aIron industry and trade.
988   $a20020608
906   $0DLC

