LEADER 00999cam a2200229I  4500
001 004000387-6
005 20090712174405.0
008 770810s1753    fr            000 0 fre  
010   $a   39002640 
035 0 $aocm03175840
040   $aDLC$cDLM$dHVL
100 1 $aPecquet, Antoine,$d1704-1762.
245 10$aLoix forestières de France,$bcommentaire historique et raisonné sur l'ordonnance de 1669, les réglemens antérieurs, & ceux qui l'ont suivie; auquel on a joint une bibliothèque des auteurs qui ont écrit sur les matières d'eaux & forêts, & une notice des coutumes relatives à ces mêmes matières. ...$cPar M. Pecquet ...
260   $aParis,$bChez Prault père,$c1753.
300   $a2 v.$c25 cm.
500   $a"Bibliothèque chronologique des auteurs": t. 2, p. 405-420.
650  0$aForestry law and legislation$zFrance.
650  0$aGame laws$zFrance.
650  0$aFishery law and legislation$zFrance.
710 1 $aFrance.$kLaws, statutes, etc.
988   $a20020608
906   $0DLC

