LEADER 01065cam a2200277I  4500
001 004000390-6
005 20020606095253.2
008 770816s1944    xx            000 0 eng c
010   $asg 44000146 
035 0 $aocm03192556
040   $aU.S. Surg.-gen. off. Libr.$cOCP$dOCL$dHLS
050   $aRC113$b.B3 1944
060 00$aWC 100$bB344c 1944
082   $a616.9
100 1 $aBauer, W. W.$q(William Waldo),$d1892-
245 00$aContagious diseases;$ba guide for parents,$cby W. W. Bauer.
260   $aNew York,$bA.A. Knopf,$c1944.
300   $avii p., 2 ℓ., 3-188, iv p., 1 ℓ.$btables (1 fold.)$c21 cm.
500   $a"Second revised edition."
500   $aFirst edition published 1934, under title: Contagious diseases: what they are and how to deal with them.
504   $aBibliography at end of chapter iv.
650  0$aCommunicable diseases.
650  2$aCommunicable Diseases.
776 08$iOnline version:$aBauer, W.W. (William Waldo), 1892-$tContagious diseases.$dNew York, A.A. Knopf, 1944$w(OCoLC)691800534
988   $a20020608
906   $0OCLC

