LEADER 00614nam a2200193Ii 4500
001 004000391-4
005 20071015202602.0
008 770817s1955    nyu           000 0 eng d
035 0 $aocm03194309
040   $aGUA$cGUA$dHTV
100 1 $aStampfle, Felice.
245 10$aDrawings and prints by Albrecht Dürer :$b[exhibition held at] the Pierpont Morgan Library, March 17 to April 16, 1955.
260   $aNew York :$bPierpont Morgan Library,$c1955.
300   $a15 p. ;$c23 cm.
500   $aCover title.
600 10$aDürer, Albrecht,$d1471-1528.
710 2 $aPierpont Morgan Library.
988   $a20020608
906   $0OCLC

