LEADER 00883nam a2200289I  4500
001 004000393-0
005 20130215091317.0
008 770818s1966    gw       b    000 0 ger  
010   $a   68084101 
035 0 $aocm03198537
040   $aDLC$cLRU$dHLS
050 0 $aB2745$b.B36
082   $a141
100 1 $aBauer, Roger,$d1918-
245 14$aDer Idealismus und seine Gegner in Österreich.
260   $aHeidelberg,$bC. Winter,$c1966.
300   $a127 p.$c24 cm.
490 1 $aBeihefte zum Euphorion ; Zeitschrift für Literaturgeschichte ;$v3. Heft
504   $aBibliography: p. 114-127.
600 10$aBolzano, Bernard,$d1781-1848.
600 10$aGünther, Anton,$d1783-1863.
650  0$aIdealism.
650  0$aPhilosophy, German$y19th century.
651  0$aAustria$xIntellectual life.
830  0$aBeihefte zum Euphorion ;$vHeft 3.
988   $a20020608
906   $0DLC

