LEADER 00876nam a2200253Ii 4500
001 004000394-9
005 20020606095253.2
008 770825s1907    au       b    000 0dger d
035 0 $aocm03218678
040   $aYUS$cYUS$dHLS
043   $ae-gx---$ae-au---
050  4$aDD185$b.B38
090   $aDD185$b.B38
100 1 $aBauer, Wilhelm,$d1877-
245 14$aDie Anfänge Ferdinands I /$cvon Wilhelm Bauer.
260   $aWien :$bW. Braumüller,$c1907.
300   $axii, 264 p. ;$c24 cm.
504   $aIncludes bibliographical references.
600 00$aFerdinand$bI,$cHoly Roman Emperor,$d1503-1564.
651  0$aGermany$xHistory$yFerdinand I, 1556-1564.
651  0$aAustria$xHistory$yFerdinand I, 1521-1564.
776 08$iOnline version:$aBauer, Wilhelm, 1877-1953.$tAnfänge Ferdinands I.$dWien : W. Braumüller, 1907$w(OCoLC)894419653
988   $a20020608
906   $0OCLC

