LEADER 00840nam a2200217I  4500
001 004000395-7
005 20070901105633.0
008 770826s1909    enkbcd        001 0 eng  
010   $a   09022569 /rev
035 0 $aocm03220203
040   $aDLC$cZYU$dHTV
050 0 $aDS377$b.T2
050 0 $aDS377$b.T2 1909
100 1 $aTate, George Passman,$d1856-
245 14$aThe frontiers of Baluchistan;$btravels on the borders of Persia and Afghanistan,$cby G. P. Tate ... with an introduction by Col. Sir A. Henry McMahon ... With a coloured frontispiece, thirty-six plates and two maps.
260   $aLondon,$bWitherby & co.,$c1909.
300   $axv, 261 p.$b37 pl.(col. front., ports.), 2 fold. maps.$c23 cm.
610 20$aSeistan Arbitration Mission, 1903-1905.
651  0$aBaluchistan$xDescription and travel.
988   $a20020608
906   $0DLC

