LEADER 00606nam a2200181Ii 4500
001 004000396-5
005 20020606095253.2
008 770826s1904    enkac         001 0beng d
035 0 $aocm03220323
040   $aNYPL$cFDA$dFDA$dHLS
090   $aDC198.A24$bB43
100 1 $aBearne, Catherine Mary Charlton,$d-1923.
245 12$aA leader of society at Napoleon's court /$cby Catherine M. Bearne.
260   $aLondon :$bT. Fisher Unwin,$c1904.
300   $axx, 459 leaves :$bill., port. ;$c21 cm.
600 10$aAbrantès Laure Saint-Martin (Permon) Junot,$cduchesse d',$d1784-1838.
988   $a20020608
906   $0OCLC

