LEADER 01407cam a2200301I  4500
001 004000397-3
005 20070901105633.0
008 770831s1931    enkaef        000 0 eng  
010   $a   31020893 
035 0 $aocm03231584
035 0 $aocm06269289
040   $aDLC$cISL$dISL$dSER$dHTV
043   $af-ua---
050 0 $aN7381$b.R6
050 0 $aN7381$b.R6 1931a
050 0 $aN7381$b.R6 1931
082   $a709.32
100 1 $aRoss, E. Denison$q(Edward Denison),$cSir,$d1871-1940,$eed.
245 14$aThe art of Egypt through the ages,$cedited by Sir E. Denison Ross ...
260   $aLondon,$bThe Studio, ltd.,$c1931.
300   $a4 p. ℓ., 354 p.$bcol. front., illus. (incl. plans) plates (part col.)$c30 cm.
505 0 $aIntroduction, by Sir E.D. Ross.--The predynastic and early dynastic period, by T.E. Peet.--The old kingdom, by H.R.H. Hall.--The intermediate period and middle kingdom, by A.M. Blackman and T.E. Peet.--The Hyksos period and new kingdom, by P.E. Newberry.--The reign of Tutankhamen, by H. Carter.--The Saïte, Ptolemaic and Roman periods, by E.A. Gardner.--The Coptic period, by S. Gaselee.--Muslim architecture, by K.A.C. Creswell.--Muslim applied art, by Sir T. Arnold.--Muslim ceramics.--Conclusion.
650  0$aArt$zEgypt$xHistory.
650  0$aArchitecture$zEgypt.
651  0$aEgypt$xAntiquities.
655  7$aHistory.$2fast
988   $a20020608
906   $0DLC

