LEADER 01023cam a2200277Ia 4500
001 004000398-1
005 20090910115304.0
008 770901s1871    ii abf  a     001 0 eng  
010   $a   22007337 //r
035 0 $aocm03236013
040   $aDLC$cMUU$dMNU$dOCL$dHMM
043   $aa-cc-yu$aa-br---
050 0 $aDS793.Y8$bA7
100 1 $aAnderson, John,$d1833-1900.
245 12$aA report on the expedition to western Yunan viâ Bhamô /$cBy John Anderson.
246 3 $aExpedition to western Yunan
260   $aCalcutta :$bOffice of the Superintendent of Government Printing,$c1871.
300   $a1 p. l., 3, xii p., 1 l., 458 p., 5 leaves of plates, 2 folded maps (in pocket) :$bill., maps ;$c28 cm.
500   $aErrata slip inserted after p. xii.
500   $aIncludes index.
504   $aIncludes bibliographical references and index.
651  0$aYunnan Sheng (China)$xDescription and travel.
651  0$aBurma$xDescription and travel.
651  0$aIrrawaddy River (Burma)
988   $a20020608
906   $0DLC

