LEADER 00803nam a2200241I  4500
001 004000399-X
005 20020606095253.2
008 770908s1968    gw       b    000 0 ger  
010   $a   79388544 
035 0 $aocm03250995
040   $aDLC$cTJC$dHLS
050 0 $aJA84.G3$bB37
082   $a320/.0943
100 1 $aBauer, Wolfram,$d1921-
245 10$aWertrelativismus und Wertbestimmtheit im Kampf um die Weimarer Demokratie;$bzur Politologie des Methodenstreites der Staatsrechtslehrer.
260   $aBerlin,$bDuncker & Humblot$c[1968]
300   $a462 p.$c24 cm.
440  0$aBeiträge zur politischen Wissenschaft,$vBd. 3
502   $aDiss.--Freie Universität Berlin.
504   $aBibliography: p. [439]-462.
650  0$aPolitical science$zGermany$xHistory.
988   $a20020608
906   $0DLC

