LEADER 00731nam a2200229I  4500
001 004000401-5
005 20020606095253.2
008 770913s1871    xx            000 0 eng  
010   $a   07018637 
035 0 $aocm03261745
040   $aDLC$cOCP$dHLS
050   $aRM216$b.B36
100 1 $aBeard, George Miller,$d1839-1883.
245 00$aEating and drinking :$ba popular manual of food and diet in health and disease /$cBy George M. Beard, M.D.
260   $aNew York :$bG.P. Putnam & sons,$c1871.
300   $axvii, [1], 180 p.$c20 cm.
440  0$aPutnam's handy-book series
504   $a"Sources of information on the subject of this work": p. [vii]-x.
650  0$aDiet.
650  0$aFood.
988   $a20020608
906   $0DLC

