LEADER 00577nam a2200217I  4500
001 004000403-1
005 20020606095253.2
008 770923s1965    nyu           000 0 eng  
010   $a   65027307 
035 0 $aocm03291558
040   $aDLC$cIQU$dHLS
050 0 $aCT275.B5465$bA3
082   $a818.5403
100 1 $aBeck, James Montgomery,$d1892-
245 14$aThe years that were,$cby James M. Beck.
250   $a[1st ed.
260   $aNew York]$bPageant Press$c[c1965]
300   $avii, 284 p.$bports.$c21 cm.
500   $aAutobiographical.
988   $a20020608
906   $0DLC

