LEADER 00549cam a2200169I  4500
001 004000404-X
005 20020606095253.2
008 771003s1767    enk           000 0 eng d
035 0 $aocm03314920
040   $aOCP$cOCP$dHLS
100 1 $aBeard, John,$d1715 or 1716-1791.
245 00$aLetters which have passed between John Beard, esq; manager of Covent-Garden Theatre, and John Shebbeare, M.D.
260   $aLondon:$bPrinted for G. Kearsly,$c1767.
300   $a[2], 5-50 p.$c20 cm.
600 14$aShebbeare, John,$d1709-1788.
988   $a20020608
906   $0OCLC

