LEADER 00580nam a2200217I  4500
001 004000405-8
005 20080626101809.0
008 771010s1935    fr            000 0 fre  
010   $a   37008673 
035 0 $aocm03331369
040   $aDLC$cOCP$dHTV
050 0 $aDR428$b.G25
050 0 $aDR428$b.G25 1935
082   $a915.6
100 1 $aGabriel, Albert.
245 10$aEn Turquie;$ccent cinquante-huit photographies.
260   $aParis,$bP. Hartmann$c[c1935]
300   $a16 p.$b120 pl. on 60 ℓ.$c27 cm.
651  0$aTurkey$xPictorial works.
988   $a20020608
906   $0DLC

