LEADER 01967nam a2200325I  4500
001 004000406-6
005 20070901105634.0
008 771014s1923    gw f          001 0 ger  
010   $a   26006127 
035 0 $aocm03340813
040   $aDLC$cKLG$dKLG$dHTV
050   $aNE654.D9$bP3
050   $aNE654.D9$bP3 1923
100 1 $aPanofsky, Erwin,$d1892-1968.
245 10$aDürers 'Melencolia I',$beine quellen- und typengeschichtliche Untersuchung.
260   $aLeipzig,$aBerlin,$bB. G. Teubner,$c1923.
300   $axv, 160 p.$bxlv pl. (part double) on 21 l.$c27 cm.
490 0 $aStudien der Bibliothek Warburg ;$v2
500   $aAt head of title: Erwin Panofsky/Fritz Saxl.
500   $aA continuation of Giehlow's "Dürers Stich 'Melencolia I' und der maximilianische Humanistenkreis," vii chapters of which appeared in the Mitteilungen der Gesellschaft für vervielfältigende Kunst, 1903 and 1904.
500   $aErrata slip inserted at p. 16.
505 0 $aDas Altertum: Der Saturn. Die Melancholie (Aristoteles).--Das Mittelalter: Die Melancholie. Der Saturn.--Die Florentiner Renaissance: Dante. Ficino.--Dürer: Der Kupferstich "Melencolia I" und Ficino. Astrologische Quellen und Bildtradition. Heinrich von Gent.--I. Anhang. Die Saturntexte des Abû Ma'sǎr und des Ibn Esra.--II. Anhang. Die Saturnvorstellung des Abû Ma'sǎr und ihre antiken Quellen.--III. Anhang. Das Melancholieproblem des Aristoteles.--IV. Anhang. Ausgewählte Kapitel aus Marsiglio Ficinos "Libri de vita triplici."--V. Anhang. Die Entwicklung der Planetenkinderdarstellung.--VI. Anhang. Der Polyeder des Melancholiestichs.--VII. Anhang. Die nachdürerischen Melancholiedarstellungen bis zum XVII. Jahrhundert.
600 10$aDürer, Albrecht,$d1471-1528.
650  0$aMelancholy.
650  0$aSymbolism in art.
650  0$aAstrology.
700 1 $aSaxl, Fritz,$d1890-1948,$ejoint author.
700 1 $aGiehlow, Karl,$d1863-1913.
988   $a20020608
906   $0DLC

