LEADER 00771nam a2200217I  4500
001 004000407-4
005 20020606095253.2
008 771018s1716    enk           000 0 eng d
035 0 $aocm03350846
040   $aUIU$cUIU$dHHG
043   $ae-uk---
100 1 $aDefoe, Daniel,$d1661?-1731,$esupposed author.
245 14$aThe alteration in the Triennial act considered.
246 3 $aTriennial act.
260   $aLondon :$bPrinted for R. Burleigh,$c1716.
300   $a22 p.$c17 cm.
500   $aClosely trimmed with some loss of text and date in imprint.
500   $aConcerning "An act for the frequent meeting and calling of parliaments."
500   $aGenerally attributed to Defoe but not included in the Moore or Novak bibliographies.
988   $a20020608
906   $0OCLC

