LEADER 00624nam a2200193Ii 4500
001 004000408-2
005 20020606095253.2
008 771019s1809    au            000 0 lat d
035 0 $aocm03353903
040   $aISS$cISS$dHVL
041 1 $alatger
043   $ae-au---
100 1 $aRechberger, Georg,$d1758-1808.
245 10$aEnchiridion juris ecclesiastici Austriaci /$cedidit idiomate Germanico, dein latinitate donavit, multisque additamentis locupletavit Georgius Rechberger...
260   $aLincii :$bC. Haslinger,$c1809.
300   $a2v. ;$c21 cm.
650  0$aEcclesiastical law$zAustria.
988   $a20020608
906   $0OCLC

