LEADER 00595cam a2200193Ii 4500
001 004000410-4
005 20020606095253.2
008 771021s1955    au            000 0 ger d
035 0 $aocm03357902
040   $aGZM$cGZM$dHLS
090   $aPN1861$b.B38
100 1 $aBecsi, Kurt,$d1920-
245 14$aDie dritte Schöpfung :$b(das moderne Drama der Völker) /$cKurt Becsi.
260   $aWien :$bW. Frick,$cc1955
300   $a228 p. ;$c20 cm.
490 0 $aSchriftenreihe der Österreichischen UNESCO-Kommission.
650  0$aDrama$y20th century$xHistory and criticism.
988   $a20020608
906   $0OCLC

