LEADER 00894nam a2200301I  4500
001 004000411-2
005 20020606095253.2
008 771027s1956    enk           000 1 eng  
010   $a   56041795 /L
015   $aGB56-4426
035 0 $aocm03372536
040   $aDLC$cYNG$dUKM$dHLS
043   $ae-gx---
050   $aPZ4.B398$bLe
082 04$a823.91$218
100 1 $aBedford, Sybille,$d1911-
245 12$aA legacy :$ba novel.
260   $aLondon :$bWeidenfeld and Nicolson,$c1956.
300   $a368 p.$c19 cm.
651  0$aBerlin (Germany)$vFiction.
650  0$aJewish families$vFiction.
650  0$aCatholics$vFiction.
651  0$aGermany$vFiction.
655  0$aDomestic fiction.
655  0$aJewish fiction.
776 08$iOnline version:$aBedford, Sybille, 1911-2006.$tLegacy.$dLondon, Weidenfeld and Nicolson [1956]$w(OCoLC)903642354
988   $a20020608
906   $0DLC

