LEADER 00917nam a2200277I  4500
001 004000413-9
005 20070901105634.0
008 771027s1969    xx ae         000 0 fre  
010   $a   73425817 
035 0 $aocm03373126
040   $aDLC$cTXH$dHTV$dMH-FA
043   $ae-it---
050 0 $aNA5621.V43$bT53
050 0 $aNA5621.V43$bT53 1969
100 1 $aTimofiewitsch, Wladimir.
245 13$aLa chiesa del Redentore.
250   $a1. ed.
260   $aVicenza,$bCentro internazionale di studi di architettura Andrea Palladio,$c1969.
300   $a78 p.$billus., 46 plates.$c34 cm.
440  0$aCorpus Palladianum ;$vv. 3
500   $a"La traduzione del testo dal tedesco è stata curata da Mina Bacci e Giuliana Keller."
504   $aBibliography: p. [71]-72.
610 20$aChiesa del Redentore (Venice, Italy)
651  0$aVenice (Italy)$xBuildings, structures, etc.
988   $a20020608
906   $0DLC

