LEADER 00997cam a2200265Ia 4500
001 004000414-7
005 20020606095253.2
008 771028s1931    vau           000 0 eng  
010   $a   31023347 
035 0 $aocm03376331
040   $aDLC$cVWM$dVWM$dWIH$dHLS
050 0 $aE312.1$bW31 no.2
100 1 $aBeck, James M.$q(James Montgomery),$d1861-1936.
245 10$aWashington and the Constitution :$ban address delivered before the Washington Society of Alexandia on January 14, 1931 /$cby Honorable James M. Beck.
260   $a[Alexandria, Va. :$bs.n.,$c1931]
300   $a[12] p. ;$c27 cm.
490 1 $aBulletin ... of the Washington Society of Alexandria ;$vno. 2
500   $aTitle from cover.
600 10$aWashington, George,$d1732-1799$xViews on government.
650  0$aCitizenship.
650  0$aConstitutions$zUnited States.
650  0$aConstitutional law$zUnited States.
830  0$aBulletin (Washington Society of Alexandria) ;$vno. 2.
988   $a20020608
906   $0DLC

