LEADER 00881cam a2200277Ii 4500
001 004000417-1
005 20020606095253.2
008 771102s1960    enkb          000 0 eng d
015   $aGB60-14228
035 0 $aocm03387399
040   $aIAO$cIAO$dOCL$dXTA$dUKM$dHLS
043   $an-mx---
050  4$aF1215$b.B4 1960
090   $aF1215$b.B4 1960
100 1 $aBedford, Sybille,$d1911-
245 12$aA visit to Don Otavio :$ba traveller's tale from Mexico /$cby Sybille Bedford.
250   $aNew ed.
260   $aLondon :$bCollins,$c1960.
300   $a318 p. :$bmaps (on lining papers)$c22 cm.
500   $a"Previously published as The sudden view"
504   $aAutobiographical.
651  0$aMexico$xDescription and travel.
700 1 $aBedford, Sybille,$d1911-$tSudden view.
700 1 $aBedford, Sybille,$d1911-2006.$tSudden view.
988   $a20020608
906   $0OCLC

