LEADER 02413cam a2200397I  4500
001 004000419-8
005 20020913120504.0
008 771107s1643    enk           000 0 eng  
010   $a   35030153 
035 0 $aocm03398011
040   $aDLC$cCIN$dCIN$dOCL$dHVL
043   $ae-uk---
050   $aDA412 1643$b.P7
100 1 $aPrynne, William,$d1600-1669.
245 10$aRomes master-peece, or, The grand conspiracy of the pope and his Iesuited instruments :$bto extirpate the Protestant religion, re-establish Popery, subvert lawes, liberties, peace, parliaments, by kindling a civill war in Scotland, and all His Majesties realmes, and to poyson the King himselfe in case he comply not with them in these their execrable designes : revealed out of onscience[!] to Andreas ab Habernfeld, by an agent sent from Rome into England, by Cardinal Barbarino, as an assistant to Con the Popes late nuncio, to prosecute this most execrable plot, (in which he persisted a principall actor severall yeares) who discovered it to Sir William Boswell his Majesties agent at the Hague, 6 Septem. 1640 : he, under an oath of secresie, to the Arch-Bishop of Canterbury /$c(among whose papers it was casually found by Master Prynne, May, 31. 1643) ; who communicated it to the King ...
260   $aLondon :$bMichael Sparke, Senior,$c1643.
300   $a[1], 12 (i.e. 36), [1] p. ;$c23 cm.
500   $aPage 36 is incorrectly numbered 12.
500   $aPublished also in 1678 under title: The grand designs of the Papists.
500   $aIncludes letters by Ondřej Habervešl z Habernfeldu and Sir William Boswell.
500   $aPart of the letters and text in Latin and English.
500   $a"The examinatino of Henry Mayo": 1 ℓ. at end.
500   $aIn this issue p.35 has catchword "Finally,".
610 20$aCatholic Church$zGreat Britain.
610 20$aCatholic Church$xDoctrines.
651  0$aGreat Britain$xHistory$yCivil War, 1642-1649$xSources.
610 20$aCatholic Church$xControversial literature.
610 20$aCatholic Church$xDoctrines$xProtestant authors.
700 22$aHabervešl z Habernfeldu, Ondřej.
700 12$aBoswell, William,$d-1650.
700 1 $aHollis, Thomas,$d1720-1774,$eformer owner.$5hou
752   $aEngland$dLondon.
700 1 $aHabervešl z Habernfeldu, Ondřej,$dactive 17th century.
700 1 $aBoswell, William,$d-1650.
988   $a20020608
906   $0DLC

