LEADER 00945nam a2200277I  4500
001 004000420-1
005 20020606095253.2
008 771108s1971    xx            000 0 rusr 
010   $a   75567125 
035 0 $aocm03400411
040   $aDLC$cOSU$dOSU$dHLS
041 1 $arusmon
050   $aDS798.82.S94$bB3717
100 2 $aBat-Ochir, L.
245 10$aDamdiny Sukhe-Bator.$bBiogrofii︠a︡.$c[Per. s mong.]
260   $aMoskva,$b"Nauka",$c1971.
300   $a136 p.$c20 cm.
500   $aAt head of title: Institut istorii partii nri T︠S︡K MNRP. Institut istorii AN MNR. Institut vostokovedenii︠a︡ AN SSSR. L. Bat-Ochir, D. Dashzh-amt︠s︡.
500   $aTranslation of D. Sukhbaataryn namtar.
500   $aText in Cyrillic characters.
504   $aIncludes bibliographies.
600 10$aSu̇khbaatar, Damdiny,$d1893-1923.
651  0$aMongolia$xHistory.
700 1 $aDashzhamt︠s︡, D.
988   $a20020608
906   $0DLC

