LEADER 00726nam a2200217Ii 4500
001 004000421-X
005 20020606095253.2
008 771108s1959    xx            000 0 ger d
035 0 $aocm03402721
040   $aIRU$cIRU$dHLS
090   $aPF5002$b.L35 Heft 12/13
100 1 $aBausinger, Hermann.
245 00$aBeuren :$bKreis Wangen im Allgäu /$cHermann Bausinger und Arno Ruoff.
260   $aGöttingen :$bVandenhoeck & Ruprecht,$c1959.
300   $a55 p. ;$c23 cm.
440  0$aLautbibliothek der deutschen Mundarten ;$v12/13
650  0$aGerman language$xDialects$zGermany$zBeuren$xTexts.
650  0$aGerman language$xDialects$xSwabian$xTexts.
700 1 $aRuoff, Arno,$ejoint author.
988   $a20020608
906   $0OCLC

