LEADER 01148cam a2200325Ii 4500
001 004000422-8
005 20101209122140.0
008 771110s1910    xx            000 0 eng u
035 0 $aocm03409815
040   $cMOE$dCHS$dHLS
043   $an-us---
050  4$aRC439$b.B4 1910
060  4$aWM 40 B415m 1910
090   $aRC439$b.B4 1910
100 1 $aBeers, Clifford Whittingham,$d1876-1943
245 12$aA mind that found itself :$ban autobiography /$cby Clifford Whittingham Beers.
250   $a2nd ed.
260   $aNew York :$bLongmans, Green,$c1910.
300   $aix [1] 363 p. ;$c22 cm.
650  2$aMental Disorders.
655  2$aPersonal Narratives.
650  2$aHospitals, Psychiatric$zUnited States
600 12$aBeers, Clifford Whittingham,$d1876-1943.
650  0$aInsanity (Law)
650  0$aMentally ill$xCare.
650  2$aMental Disorders$vPersonal Narratives.
700 1 $aWolfe, Thomas,$d1900-1938,$eformer owner.$5hou
776 08$iOnline version:$aBeers, Clifford Whittingham, 1876-1943.$tMind that found itself.$b2nd ed.$dNew York : Longmans, Green, 1910$w(OCoLC)657114451
988   $a20020608
906   $0MH

