LEADER 00778cam a2200265I  4500
001 004000423-6
005 20070901105634.0
008 771119m19631965dk ac    b    000 0 dan  
010   $a   64027143 //r662
035 0 $aocm03431462
040   $aDLC$cTJC$dSER$dHTV
041 0 $adaneng
050 0 $aNB723.T5$bS26
050 0 $aNB723.T5$bS26 1963
082   $a730.924
100 1 $aSass, Else Kai,$d1912-
245 00$aThorvaldsens portrætbuster.
260   $aKøbenhavn,$bSelskabet til udgivelse af danske mindesmærker,$c1963-65.
300   $a3 v.$billus., ports.$c34 cm.
500   $aVol. 3 partly in English.
504   $a"Noter og henvisninger": v. 3, p. 117-[238]
600 10$aThorvaldsen, Bertel,$d1770-1844.
650  0$aBusts.
988   $a20020608
906   $0DLC

