LEADER 00674nam a2200193Ii 4500
001 004000424-4
005 20020606095253.2
008 771122s1927    enk           000 1 eng d
035 0 $aocm03439288
040   $aRRR$cRRR$dHLS
090   $aPR6003$b.B393t
100 1 $aBeck, L. Adams$q(Lily Adams),$d-1931.
245 14$aThe thunderer :$ba romance of Napoleon and Josephine /$cby E. Barrington [i.e. L. M. A. Beck]
260   $aLondon :$bHarrap,$c1927.
300   $a317 p. ;$c20 cm.
600 00$aNapoleon$bI,$cEmperor of the French,$d1769-1821.
600 00$aJosephine,$cEmpress, consort of Napoleon I, Emperor of the French,$d1763-1814$vFiction.
988   $a20020608
906   $0OCLC

