LEADER 00851cam a2200217I  4500
001 004000425-2
005 20070901105634.0
008 771122s1829    enkacef       000 0 eng  
010   $a   10018174 
035 0 $aocm03439476
040   $aDLC$cTJC$dSER$dHTV
050 0 $aNB1140$b.F6
050 0 $aNB1140$b.F6 1829
100 1 $aFlaxman, John,$d1755-1826.
245 10$aLectures on sculpture.$cBy John Flaxman ... As delivered by him before the president and members of the Royal Academy. With a brief memoir of the author.
260   $aLondon,$bJ. Murray,$c1829.
300   $axxvii, 243, [1] p.$bfront. (port.) 52 pl. (incl. plan)$c25 x 17 cm.
505 0 $aEnglish sculpture.--Egyptian sculpture.--Grecian sculpture.--Science.--Beauty.--Composition.--Style.--Drapery.--Ancient art.--Modern art.
650  0$aSculpture.
988   $a20020608
906   $0DLC

