LEADER 00825cam a2200253I  4500
001 004000426-0
005 20020606095253.2
008 771122s1935    enk           000 0 eng  
010   $a   35008764 
035 0 $aocm03439830
040   $aDLC$cOCP$dOCL$dHLS
050   $aDA645$b.B35
082   $a914.2$a[929.2]
100 1 $aBayley, Harold.
245 14$aThe lost language of London;$ba tale of King Cole founded on folklore, field-names, prehistoric hill figures and other documents,$cby Harold Bayley.
260   $aLondon,$bJ. Cape$c[1935]
300   $a287 p.$billus.$c21 cm.
650  0$aNames, Geographical$zEngland.
650  0$aEnglish language$xEtymology$xNames.
650  0$aFolklore$zEngland.
650  0$aKing Cole (Fictitious character)
651  0$aEngland$xAntiquities.
988   $a20020608
906   $0DLC

