LEADER 00760cam a2200229Ii 4500
001 004000427-9
005 20070901105634.0
008 771123s1891    enka          000 0 eng d
035 0 $aocm13930127
035 0 $aocm03440794
040   $aDLM$cDLM$dXBM$dHTV
100 1 $aGoodyear, W. H.$q(William Henry),$d1846-1923.
245 14$aThe grammar of the lotus :$ba new history of classic ornament as a development of sun worship.
260   $aLondon :$bSampson Low, Marston,$c1891.
300   $axii, 403 p. :$bill. ;$c32 cm.
504   $aIncludes index.
505 0 $aPt. 1. Evolution of the Lotus motive.--Pt. 2. Association of the lotus motive.
650  0$aLotus in art.
650  0$aArt, Egyptian.
650  0$aSun worship.
988   $a20020608
906   $0OCLC

