LEADER 00624nam a2200229I  4500
001 004000428-7
005 20070901105635.0
008 771129s1968    it a     b    000 0 ita  
010   $a   79372416 
015   $aIt68-Aug
035 0 $aocm03452899
040   $aDLC$cTJC$dHTV
050 0 $aNA510$b.B47
050 0 $aNA510$b.B47 1968
100 1 $aBenevolo, Leonardo.
245 10$aStoria dell'architettura del Rinascimento.
260   $aBari,$bLaterza,$c1968.
300   $a1 v.$billus.$c24 cm.
504   $a"Nota bibliografica": v. 2, p. [1387]-1394.
650  0$aArchitecture, Renaissance.
988   $a20020608
906   $0DLC

