LEADER 00640cam a2200217I  4500
001 004000429-5
005 20020606095253.2
008 771206s1957    nyua          000 0ceng  
010   $a   57003485 /L
035 0 $aocm03468762
040   $aDLC$cOCP$dSER$dHLS
050 0 $aE176.1$b.B35 1957
082   $a923.173
100 1 $aBeard, Charles Austin,$d1874-1948.
245 14$aThe Presidents in American history;$bbrought forward since 1948$cby William Beard.
250   $aRev. ed.
260   $aNew York,$bMessner$c[1957]
300   $a177 p.$billus.$c22 cm.
650  0$aPresidents$zUnited States$vBiography.
988   $a20020608
906   $0DLC

