LEADER 01558cam a2200289I  4500
001 004000430-9
005 20020606095253.2
008 771209s1668    ne            000 0 lat  
010   $a   24013640 
035 0 $aocm03477501
040   $aDLC$cSBM$dHVL
041 0 $alatgre
050 0 $aJX2125$b.A1 1668
100 1 $aPeck, Pierre,$d1529-1589.
245 10$aPetri Peckii in titt. Dig & Cod.$bad rem nauticam pertinentes, commentarii. Quibus nunc accedunt notæ cum ampla dote variarum circa rem navalem observationum, beneficio Arnoldi Vinnii, J.C. Item leges navales & jus navale Rhodiorum, gr. lat., quod uberius quam antea, nova hac editione, summariis, & notis illustratum addidit, & edidit Johannes Laurentius, J.C. tus.
260   $aAmstelodami :$bapud viduam Johannis Henrici-Boom,$c1668.
300   $a6 p. ℓ., 404, 38, [14] p. ;$c18 cm.
500   $aPrinter's device on title page.
500   $a"...Leges navales Rhodiorum... Item Jus navale Rhodiorum ex Digestorum undecimo libro exceptum" (in Greek and Latin) : 38 p. at end.
500   $aFirst edition published with title: Commentarius ad tit. D. Nautae, caupones, stabularii ut recepta restituant... Lovanii, 1556; title in author's Opera omnia, Anvers, 1679: Ad partem juris de re nautica commentaria.
650  0$aMaritime law$vEarly works to 1800.
650  0$aMaritime law$zGreece$zRhodes$vEarly works to 1800.
630 00$aRhodian sea-law.
700 1 $aVinnius, Arnoldus,$d1588-1657.
700 1 $aLaurentius, Johannes,$dactive 1667-1677.
988   $a20020608
906   $0DLC

