LEADER 00689cam a2200241I  4500
001 004000431-7
005 20020606095253.2
008 771213s1956    enka          000 0aeng  
010   $a   57010077 //r/L
015   $aGB56-15612
035 0 $aocm03489200
040   $aDLC$cABC$dOCL$dUKM$dHLS
050 0 $aDA577$b.B34
082   $a942.083
100 1 $aBeaverbrook, Max Aitken,$cBaron,$d1879-1964.
245 10$aMen and power, 1917-1918.
260   $aLondon,$bHutchinson,$c1956.
300   $a447 p.$billus.$c22 cm.
500   $aMemoirs.
650  0$aWorld War, 1914-1918$zGreat Britain.
651  0$aGreat Britain$xPolitics and government$y1910-1936.
988   $a20020608
906   $0DLC

