LEADER 00811cam a2200229Ia 4500
001 004000432-5
005 20020606095253.2
008 771215r19221921iluc          000 0 eng  
010   $a   24017104 
035 0 $aocm03494220
040   $aDLC$cKEU$dWIH$dHLS
043   $an-us-il
050   $aE457.3$b.B27
100 1 $aBarton, William Eleazar,$d1861-1930.
245 14$aThe influence of Illinois in the development of Abraham Lincoln /$cby William E. Barton.
260   $aSpringfield :$bPhillips Bros., print.,$c1922.
300   $a24 p. :$bport. ;$c23 cm.
500   $a"Reprinted from the Transactions of the Illinois State Historical Society for the year 1921."
600 10$aLincoln, Abraham,$d1809-1865$xPsychology.
651  0$aIllinois$xPolitics and government$yTo 1865.
988   $a20020608
906   $0DLC

