LEADER 00634cam a2200229I  4500
001 004000433-3
005 20070901105635.0
008 771216s1911    fr af         000 0 fre  
010   $a   11018984 
035 0 $aocm03499124
040   $aDLC$cTJC$dSER$dHTV
050 0 $aN7445$b.R56
050 0 $aN7445$b.R56 1911
100 1 $aRodin, Auguste,$d1840-1917.
245 02$aL'art;$centretiens réunis par Paul Gsell.
260   $aParis,$bB. Grasset,$c1911.
300   $a3 p. ℓ., 3-318 p., 1 ℓ., incl. illus, plates.$c22 cm.
650  0$aArt.
650  0$aSculpture.
700 1 $aGsell, Paul,$d1870-
988   $a20020608
906   $0DLC

