LEADER 00589cam a2200205Ii 4500
001 004000434-1
005 20020606095253.2
008 771219s1912    ilucf         001 0 eng d
035 0 $aocm03500307
040   $aZXC$cZXC$dNRC$dHLS
090   $aHX273$b.B42 1912
100 1 $aBebel, August,$d1840-1913.
245 10$aMy life /$cby August Bebel.
260   $aChicago :$bUniversity of Chicago Press,$c[1912].
300   $a343 p., [1] leaf of plate :$bport. ;$c23 cm.
500   $aIncludes index.
600 10$aBebel, August,$d1840-1913.
650  0$aSocialism.
988   $a20020608
906   $0OCLC

