LEADER 00914nam a2200253I  4500
001 004000435-X
005 20070901105635.0
008 771223s1921    gw a          000 0 ger d
035 0 $aocm03511375
040   $aTJC$cTJC$dHTV
043   $af-ua---
050 14$aN5350$b.S32
100 1 $aSchäfer, Heinrich,$d1868-1957.
245 14$aDas Bildnis im alten Ägypten.
260   $aLeipzig,$bE. A. Seemann$c[c1921]
300   $a10 p.$billus.$c18 cm.
440  0$aBibliothek der Kunstgeschichte ;$vBd. 2
650  0$aSculpture, Egyptian.
650  0$aArt, Egyptian.
651  0$aEgypt$xAntiquities.
776 08$iOnline version:$aSchäfer, Heinrich, 1868-1957.$tBildnis im alten Ägypten.$dLeipzig, E.A. Seemann [©1921]$w(OCoLC)604752289
776 08$iOnline version:$aSchäfer, Heinrich, 1868-1957.$tBildnis im alten Ägypten.$dLeipzig, E.A. Seemann [©1921]$w(OCoLC)606148743
988   $a20020608
906   $0OCLC

