LEADER 01005nam a2200229I  4500
001 004000438-4
005 20020606095253.2
008 780110s1966    enka          000 0 eng  
010   $a   67075423 
035 0 $aocm03546925
040   $aDLC$cOUN$dHLS
050 0 $aPZ4.B3684$bUn4
100 1 $aBeardsley, Aubrey,$d1872-1898
245 10$aUnder the hill;$bor, The story of Venus and Tannhäuser, in which is set forth an exact account of the manner of state held by Madam Venus, goddess and meretrix, under the famous Hörselberg, and containing the adventures of Tannhäuser in that place, his journeying to Rome and return to the Loving Mountain,$cby Aubrey Beardsley, now completed by John Glassco.
246 3 $aStory of Venus and Tannhäuser.
260   $aLondon,$bNew English Library,$c1966.
300   $a125 p.$billus.$c19 cm.
440  4$aThe Olympia Press traveller's companion series,$vno. 105
500   $aFour square illustrated.
700 1 $aGlassco, John.
988   $a20020608
906   $0DLC

