LEADER 00842nam a2200205I  4500
001 004000440-6
005 20020606095253.2
008 780112s1922    kyu           000 0 eng  
010   $a   24017112 
035 0 $aocm03552467
040   $aDLC$cKEU$dHLS
050   $aE457.32$b.B24
100 1 $aBarton, William Eleazar,$d1861-1930.
245 14$aThe man who married Linclon's parents,$ban address$cby Rev. William E. Barton ... Delivered at the dedication of a monument at the grave of Rev. Jesse Head and Jane Ramsey Head, his wife, in Spring Hill cemetery, Harrodsburg, Kentucky, Thursday, November 2, 1922.
260   $aHarrodsburg, Ky.,$bThe Harrodsburg herald,$c1922.
300   $a[16] p.$billus. (incl. port.)$c28 cm.
600 10$aHead, Jesse,$d1768-1842.
600 10$aLincoln, Abraham,$d1809-1865$xFamily.
988   $a20020608
906   $0DLC

