LEADER 01075cam a2200301I  4500
001 004000441-4
005 20071015202602.0
008 780116s1957    nyuaf         000 0 eng  
010   $a   58000697 
035 0 $aocm03561547$zocm00951628
035 0 $aocm03561547
040   $aDLC$cTRI$dSER$dOCL$dHTV
041 1 $aeng$hegy
050 0 $aPJ1551$b.E3 vol. 3
050 0 $aPJ1551$b.E3 v.3 1957
082   $a299.31
245 00$aMythological papyri.$cTranslated with introd. by Alexandre Piankoff; edited, with a chapter on the symbolism of the papyri, by N. Rambova.
260   $a[New York]$bPantheon Books$c[1957]
300   $a2 v.$bcol. front., illus., 30 fold. plates.$c32 cm.
490 1 $aBollingen series,$v40:3.$aEgyptian religious texts and representations,$vv. 3
505 0 $a1. Texts.--2. Plates.
650  0$aEgyptian language$vPapyri.
650  0$aMythology, Egyptian.
700 1 $aPiankoff, Alexandre,$etr.
830  0$aBollingen series ;$v40:3.
830  0$aEgyptian religious texts and representations ;$vv. 3.
988   $a20020608
906   $0DLC

