LEADER 00702nam a2200217I  4500
001 004000442-2
005 20020606095253.2
008 780118c19641958njua     b    000 0 eng d
035 0 $aocm03566568
040   $aCIN$cCIN$dHLS
090   $aBF311$b.B4
100 1 $aBeardsless, David Cromwell,$d1925-$eed.
245 10$aReadings in perception,$cselected and edited by David C. Beardslee and Michael Wertheimer.
260   $aPrinceton, N. J. :$bVan Nostrand,$c[1964,cl958]
300   $axiii, 751 p.$billus.$c22 cm.
440  4$aThe University series in psychology
504   $aIncludes bibliographies.
650  0$aPerception.
700 1 $aWertheimer, Michael,$ejt. ed.
988   $a20020608
906   $0OCLC

