LEADER 00862nam a2200229I  4500
001 004000443-0
005 20070901105635.0
008 780119s1963    it af    b    000 0 ita  
010   $a   66052808 
035 0 $aocm03569215
040   $aDLC$cTJC$dHTV
050 0 $aND623.C3$bZ3
050 0 $aND623.C3$bZ3 1963
100 1 $aZampetti, Pietro.
245 10$aVittore Carpaccio;$bcatalogo della mostra a cura di Pietro Zampetti.$cVenezia, Palazzo ducale, 15 giugno-6 ottobre 1963.
260   $aVenezia,$bEdizioni Alfieri$c[1963]
300   $axlix, 362 p.$billus., col. plates.$c22 cm.
504   $a"Bibliografia generale, a cura di Ileana Chiappini di Sorio e Lina Frizziero con la collaborazione della Dott. Lucia Casanova Bellodi": p. 333-352.
504   $aIncludes bibliographies.
600 10$aCarpaccio, Vittore,$d1455?-1525?
988   $a20020608
906   $0DLC

