LEADER 01608cam a22003611  4500
001 004000444-9
005 20071015202603.0
008 780207s1904    enkaf         000 0deng  
010   $a   10015160 //r926
035 0 $aocm03581313
040   $aDLC$cBCT$dDLC$dHTV
043   $af-ua---
050 00$aDT62.T6$bD3 vol. 1
050 00$aDT62.T6$bD3 v.1 1904
100 1 $aCarter, Howard,$d1873-1939.
245 14$aThe tomb of Thoutmôsis IV,$cby Howard Carter and Percy E. Newberry; with an essay on the king's Life and monuments by Gaston Maspero ... and a paper on the Physical characters of the mummy of Thoutmôsis IV, by G. Elliot Smith ...
260   $aWestminster,$bA. Constable and co.,$c1904.
300   $aXIV, 150 p.$billus., XXVIII pl. (2 col., incl. front.)$c36 x 26 cm.
490 0 $aMr. Theodore M. Davis' excavations: Bibân el Molûk
600 00$aThothmes$bIV,$cKing of Egypt.
650  0$aTombs$zEgypt$zThebes (Extinct city)
651  0$aValley of the Kings (Egypt)
651  0$aThebes (Egypt : Extinct city)
700 1 $aNewberry, Percy E.$q(Percy Edward),$d1869-1949,$ejoint author.
700 1 $aMaspero, G.$q(Gaston),$d1846-1916.
700 1 $aSmith, Grafton Elliot,$cSir,$d1871-1937.
700 1 $aNewberry, Percy E.$q(Percy Edward),$d1869-1949,$eauthor.
700 1 $aSmith, Grafton Elliot,$d1871-1937.
710 2 $aMatḥaf al-Miṣrī.
710 2 $aMatḥaf al-Qibṭī (Cairo, Egypt)
776 08$iOnline version:$aCarter, Howard, 1874-1939.$tTomb of Thoutmôsis IV.$dWestminster, A. Constable and Co., 1904$w(OCoLC)902871320
988   $a20020608
906   $0DLC

