LEADER 00850cam a2200253I  4500
001 004000445-7
005 20070901105636.0
008 780127s1922    gw a     b    000 0 ger  
010   $a   24016813 
035 0 $aocm03584373$zocm03045780
035 0 $aocm03584373
040   $aDLC$cWTU$dOCL$dTJC$dHTV
050   $aN5350$b.S3
050   $aN5350$b.S3 1922
100 1 $aSchäfer, Heinrich,$d1868-1957.
245 10$aVon ägyptischer Kunst,$bbesonders der zeichenkunst eine einführung in die betrachtung ägyptischer kunstwerke,$cvon Heinrich Schäfer.
250   $a2. stark verm. aufl.
260   $aLeipzig,$bJ. C. Hinrichs,$c1922.
300   $axii, 308 p.$billus., 51 pl. (incl. front.)$c24 cm.
504   $aBibliography: p. [274]-276; [307]-308.
650  0$aArt, Egyptian.
651  0$aEgypt$xAntiquities.
988   $a20020608
906   $0DLC

