LEADER 00718nam a2200229Ii 4500
001 004000447-3
005 20020606095253.2
008 780202s1938    wiu           000 0 eng d
035 0 $aocm03598046
040   $aIQU$cIQU$dHLS
090   $aPN1980$b.B4x
100 1 $aBearn, Dart.
245 14$aThe haunted house /$cby Dart Bearn ; directions for presentation by John C. Faustman ; illustrated by Eve Faustman.
246 3 $aProducing the marionette play.
260   $aRipon, Wis. :$bPixie,$c1938.
300   $a20 p. :$bill. ;$c23 cm.
500   $aAt head of title: Producing the marionette play.
650  0$aPuppets.
650  0$aPuppet plays.
700 1 $aFaustman, John Carlton.
988   $a20020608
906   $0OCLC

