LEADER 00596nam a2200181Ii 4500
001 004000448-1
005 20020606095253.2
008 780203s1950    ru            000 0 rus d
035 0 $aocm03602621
040   $aKZS$cKZS$dHLS
082   $a891.73
100 1 $aBazhov, P. P.$q(Pavel Petrovich),$d1879-1950.
245 10$aMalakhitovai︠a︡ shkatulka :$buralʹskie skazy /$cP. Bazhov. Risunki A. I︠A︡kobson.
260   $aLeningradskoe :$bGazetno-zhurnalʹnoe i knikhnoe izdatelʹstvo,$c1950.
300   $a387 p. :$bill. ;$c27 cm.
500   $aIn Cyrillic characters.
988   $a20020608
906   $0OCLC

