LEADER 00924nam a22002291  4500
001 004000449-X
005 20020606095253.2
008 770506s1969    it       b    000 0bita  
010   $a   76418488 
015   $aIt69-Jan
035 0 $aocm03631611
040   $aDLC$cDLC$dHLS
050 0 $aB2898$b.B38
100 1 $aBausola, Adriano.
245 13$aLo svolgimento del pensiero di Schelling.$bRicerche.
260   $aMilano,$bVita e pensiero,$c1969.
300   $a231 p.$c21 cm.
500   $a"Il libro utilizza alcuni scritti già pubblicati sulla 'Rivista di Filosofia neo-scolastica,' un saggio comparso nel volume 'Studi di filosofia e di storia della filosofia in onore di Francesco Olgiati' (Milano 1962) e alcuni 'Saggi sulla filosofia di Schelling,' pubblicati a Milano nel 1960."
504   $aBibliographical footnotes.
600 10$aSchelling, Friedrich Wilhelm Joseph von,$d1775-1854.
988   $a20020608
906   $0DLC

