LEADER 00883cam a22002651  4500
001 004000450-3
005 20031203150837.0
008 771031s1968    quc      b    000 0 fre  
010   $a   75375764 //r82
015   $aC***
035 0 $aocm03631707
040   $aDLC$cDLC$dHLS
043   $an-cn---
050 0 $aF1124.B7$bB4
100 1 $aBédard, Roger J.
245 12$aL'affaire du Labrador, anatomie d'une fraude.$bSynthèse et conclusion d'une étude sur l'arriere-plan économique et politique de l'affaire du Labrador$c[par] Roger J. Bédard.
260   $aMontréal,$bÉditions du jour$c[1968]
300   $a124 p.$c20 cm.
490 0 $aCollection Les Idées du jour,$vD-39
504   $aBibliographical footnotes.
651  0$aCanada$xBoundaries$zNewfoundland.
651  0$aNewfoundland$xBoundaries$zCanada.
651  0$aLabrador(N.L.)
988   $a20020608
906   $0DLC

