LEADER 01234nam a2200313I  4500
001 004000451-1
005 20020606095253.2
008 780214r19301565enkab         000 0 eng  
010   $a   32002576 
035 0 $aocm03638364
040   $aDLC$cCUS$dHLS
041 1 $aenglat
043   $ae-uk---
050 0 $aBR746$b.B5 1930
082   $a274.2
100 0 $aBede,$cthe Venerable, Saint,$d673-735
245 14$aThe history of the Church of Englande.$cCompiled by Venerable Bede, Englishman. Translated out of Latin into English by Thomas Stapleton. First printed at Antwerp by John Laet, anno 1565.
260   $aOxford,$bB. Blackwell,$c1930.
300   $a2 p. ℓ., vii-xx, 479 p.$billus. (incl. map)$c30 cm.
500   $aEdition of "475 copies ... of which 450 are for sale."
500   $a"An appendix ... containing an index of names and obsolete words and a note by Philip Hereford" (p. [453]-479) has special t.-p.
651  0$aGreat Britain$xChurch history.
655  7$aChurch history.$2fast
700 1 $aStapleton, Thomas,$d1535-1598,$etr.
700 1 $aHereford, Philip,$eed.
700 1 $aStapleton, Thomas,$d1535-1598,$etranslator.
700 1 $aHereford, Philip,$eeditor.
988   $a20020608
906   $0DLC

