LEADER 00678cam a2200181Ii 4500
001 004000452-X
005 20020606095253.2
008 780216s1916    nyub          000 0 eng d
035 0 $aocm03644504
040   $aMHR$cMHR$dOCL$dHLS
090   $aD547.C2$bB42
100 1 $aBeaverbrook, Max Aitken,$cBaron,$d1879-1964.
245 10$aCanada in Flanders /$cby Sir Max Aitken, M.P., with a preface by the Rt. Hon. A. Bonar Law ... and an introduction by the Rt. Hon. Sir Robert Borden ... with maps and appendices.
260   $aNew York :$bG.H. Doran Co.,$c[1916?]
300   $axx, 245, [6] p. :$bmaps.
650  0$aWorld War, 1914-1918$xCampaigns$zBelgium.
988   $a20020608
906   $0OCLC

