LEADER 00610nam a2200205I  4500
001 004000453-8
005 20020606095253.2
008 780218s1903    gw       b    000 0 ger  
010   $a   03016452 
035 0 $aocm03648523
040   $aDLC$cTJC$dHLS
090   $aPQ6035$b.B44
100 1 $aBeer, Rudolf,$d1863-1913.
245 10$aSpanische literaturgeschichte;$cvon dr. Rudolf Beer.
260   $aLeipzig,$bG.J. Göschen,$c1903.
300   $a2 v.$c16 cm.
490 0 $aSammlung Göschen ;$v167-168
504   $a"Bibliographischer anhang": v. 1, p. [141]-146; v. 2, p. [159]-160.
988   $a20020608
906   $0DLC

