LEADER 01329cas a2200361 a 4500
001 004000454-6
005 20020606095253.2
008 780301d19501961paumr1p       0   a0eng d
010   $asn 83005760 
016 7 $aA25663000$2DNLM
022   $a0097-658X
035 0 $aocm03680965
040   $aNSD$cNSD$dSER$dNSD$dIUL$dNST$dHMS
042   $ansdp$alcd
060 0 $aW1 AM716
090   $aR11$b.A45
222  0$aAmerican practitioner and digest of treatment
245 00$aAmerican practitioner and digest of treatment.
246 10$aAmerican practitioner, digest of treatment
260   $aPhiladelphia :$bLippincott,$c1950-1961.
300   $a12 v. :$bill. ;$c28 cm.
310   $aMonthly
362 0 $aVol. 1, no. 1 (Jan. 1950)-v. 12, no. 12 (Dec. 1961).
500   $aTitle from cover.
500   $aIssues for Apr. 1952-Dec. 1961 have title: American practitioner, digest of treatment.
580   $aMerger of: American practitioner, and: Digest of treatment.
650  0$aMedicine$vPeriodicals.
650  2$aMedicine$xperiodicals.
780 14$tAmerican practitioner (Philadelphia, Pa. : 1946)$w(OCoLC)1480602
780 14$tDigest of treatment$w(OCoLC)1554949
785 00$tAmerican practitioner (Philadelphia, Pa. : 1962)$x0517-4465$w(OCoLC)sn 87021777$w(OCoLC)8355135
988   $a20020608
906   $0OCLC

