LEADER 00846nam a2200241I  4500
001 004000455-4
005 20020606095253.2
008 780308s1969    ru a          000 0 rus  
010   $a   78448357 
015   $aUSSR 69-VKP
020   $c0.66rub
035 0 $aocm03696723
040   $aDLC$cTJC$dTJC$dHLS
050 0 $aPG3479.R8$bI2
100 1 $aBaruzdin, Sergeĭ,$d1926-1991.
245 10$aI︠A︡ li︠u︡bli︠u︡ nashu ulit︠s︡u ...$bRasskazy i povesti.$c[Ill. : N. A. Sheberetov].
260   $aMoskva ,$b"Sov. pisatelʹ,"$c1969.
300   $a367 p.$bwith illus.$c20 cm.
500   $aAt head of title : Sergeĭ Baruzdin.
500   $aIn Cyrillic characters.
776 08$iOnline version:$aBaruzdin, Sergeĭ, 1926-$tI͡A li͡ubli͡u nashu ulit͡su .$dMoskva, "Sov. pisatelʹ," 1969$w(OCoLC)610486528
988   $a20020608
906   $0DLC

