LEADER 01277cam a2200313I  4500
001 004000456-2
005 20020606095253.2
008 780308s1934    fr            000 0 fre  
010   $a   35008914 
035 0 $aocm03697371
040   $aDLC$cAKR$dSER$dHLS
050 0 $aPC2025$b.E8 34. cahier
082   $a850.903
100 1 $aBédarida, Henri.
245 12$aL'influence française en Italie au dix-huitième siècle,$cpar Henri Bédarida et Paul Hazard.
260   $aParis,$b"Les Belles lettres"$c[1934]
300   $a2 p. ℓ., [7]-121 p., 1 ℓ.$c20 cm.
490 0 $aÉtudes françaises ...$v34. cahier
650  0$aLiterature, Comparative$xFrench and Italian.
650  0$aLiterature, Comparative$xItalian and French.
650  0$aItalian literature$y18th century$xHistory and criticism.
650  0$aComparative literature$xFrench and Italian.
650  0$aComparative literature$xItalian and French.
655  7$aCriticism, interpretation, etc.$2fast
700 1 $aHazard, Paul,$d1878-1944,$ejoint author.
700 1 $aHazard, Paul,$d1878-1944,$eauthor.
776 08$iOnline version:$aBédarida, Henri.$tInfluence française en Italie au dix-huitième siècle.$dParis, "Les Belles lettres" [1934]$w(OCoLC)574551435
988   $a20020608
906   $0DLC

