LEADER 00770cam a2200229Ii 4500
001 004000457-0
005 20070901105636.0
008 780310s1924    enka          001 0 eng d
015   $aGB62-13825
035 0 $aocm03704092
040   $aFNP$cFNP$dOCL$dUKM$dHTV
041 1 $aengrus
082 04$a792.0924$218
100 1 $aStanislavsky, Konstantin,$d1863-1938.
245 10$aMy life in art /$cby Constantin Stanislavsky ; translated from the Russian by J. J. Robbins.
260   $aLondon :$bGeoffrey Bles,$cc1924.
300   $a586 p. :$bill. ;$c25 cm.
500   $aTranslation of Moiâ zhizn ́v iskusstve (romanized form)
610 20$aMoskovskiĭ khudozhestvennyĭ akademicheskiĭ teatr.
650  0$aActors$zSoviet Union$xBiography.
988   $a20020608
906   $0OCLC

