LEADER 00999cam a2200277Ii 4500
001 004000458-9
005 20020606095253.2
008 780313s1977    gs a          000 0brus d
010   $a   78412456 
035 0 $aocm03711380
035 0 $aocm03711380$zocm07395479
040   $aEYM$cEYM$dCLU$dOCL$dHLS
043   $ae-ur---
050   $aPG3476.M312$bB4
100 1 $aBebutov, G. V.$q(Grigoriĭ Vladimirovich),$d1880-
245 10$aGimnazii︠a︡ : lit︠s︡om k lit︠s︡u :$bO Mai︠a︡kovskom /$cG. Bebutov.
246 3 $aO Mai︠a︡kovskom : Gimnazii︠a︡ : Lit︠s︡om k lit︠s︡u.
260   $aTbilisi :$bMerani,$c1977.
300   $a293 p., [8] leaves of plates :$bill. ;$c21 cm.
500   $aIn colophon: Bebutov Garegin Vladimirovich.
500   $aTitle on spine: O Mai︠a︡kovskom.
500   $aIn Cyrillic characters.
600 10$aMayakovsky, Vladimir,$d1893-1930$vBiography.
650  0$aAuthors, Russian$y20th century$vBiography.
988   $a20020608
906   $0OCLC

