LEADER 00807nam a2200229Ii 4500
001 004000459-7
005 20090712174406.0
008 780313s1948    enk          f000 0 eng d
035 0 $aocm03714503
040   $aGUA$cGUA$dHLS
090   $aHD9161$b.B380
100 1 $aBauer, P. T.$q(Péter Tamás)
245 10$aReport on a visit to the rubber growing smallholdings of Malaya, July-September 1946 /$cby P. T. Bauer.
260   $aLondon :$bH.M.S.O.,$c1948.
300   $a92 p. ;$c34 cm.
410 00$aGreat Britain.$bColonial Office.$tColonial research publications ;$vno. 1
500   $aAt head of title: Colonial Office.
650  0$aRubber industry and trade$zMalaysia$zMalaya.
650  0$aRubber$zMalaysia$zMalaya.
830  0$aColonial research publications ;$vno.1.
988   $a20020608
906   $0OCLC

