LEADER 00711nam a2200229I  4500
001 004000460-0
005 20020606095253.2
008 780315s1828    mauc          000 0 eng  
010   $a   38019322 
035 0 $aocm03718412
040   $aDLC$cNOC$dHLS
050 0 $aBV4831.B4$bF3 1828a
100 1 $aBaxter, Richard,$d1615-1691.
245 14$aThe saints' everlasting rest.$cBy the Rev. Richard Baxter. Abridged by Benjamin Fawcett.
260   $aBoston,$bLincoln, Edmands,$c[1828]
300   $a320 p.$bport.$c16 cm.
490 0 $aChristian library edition
500   $aAdded t.-p., engraved.
650  0$aDevotional literature.
700 1 $aFawcett, Benjamin,$d1715-1780,$eed.
988   $a20020608
906   $0DLC

