LEADER 00965nam a2200253Ii 4500
001 004000461-9
005 20090130123405.0
008 780316s1923    enkaf    b    001 0beng d
035 0 $aocm03724632
040   $aBTS$cBTS$dHLS
050  4$aG286.H5$bB4 1923
090   $aG286.H5$bB4 1923
100 1 $aBeazley, C. Raymond$q(Charles Raymond),$d1868-1955.
245 10$aPrince Henry the Navigator :$bthe hero of Portugal and of modern discovery, 1394-1460 A.D. : with an account of geographical progress throughout the middle ages as the preparation for his work /$cby C. Raymond Beazley.
250   $aNew ed.
260   $aLondon ;$aNew York :$bPutman,$c1923.
300   $axxvii, 336 p., [26] leaves of plates :$bill. ;$c19 cm.
490 0 $aHeroes of the nations
500   $aIncludes index.
504   $aBibliography : p. xix-xxi.
600 00$aHenry,$cInfante of Portugal,$d1394-1460.
650  0$aDiscoveries in geography.
988   $a20020608
906   $0OCLC

