LEADER 00725nam a2200229I  4500
001 004000462-7
005 20070901105636.0
008 780328s1970    fr            000 0 fre  
010   $a   72300621 
015   $aF 71-13215
035 0 $aocm03757004
040   $aDLC$cTJC$dHTV
050 0 $aNE702.G7$bH8
050 0 $aNE702.G7$bH8 1971
110 2 $aHuguette Berès (Art gallery)
245 00$aGoya, dessins, gravures, lithographies,$c[novembre-décembre 1970, Galerie] Huguette Berès ... Paris.
260   $aParis (7)̊,$b[Galerie] Huguette Berès, 25, quai Voltaire,$c1970.
300   $a[48] p.$billus.$c27 cm.
504   $aBibliography: p. [48]
600 10$aGoya, Francisco,$d1746-1828.
988   $a20020608
906   $0DLC

