LEADER 00800nam a2200229Ia 4500
001 004000463-5
005 20020606095253.2
008 780331s1913    enk           000 0 eng d
035 0 $aocm03766902
040   $cMUS$dHLS$dHMM
090   $aRC439$b.B4 1913
100 1 $aBeers, Clifford Whittingham,$d1876-1943.
245 12$aA mind that found itself :$ban autobiography /$cby Clifford Whittingham Beers.
250   $a3rd ed., rev.
260   $aLondon ;$aBombay ;$aCalcutta :$bLongmans, Green & Co.,$c1913.
300   $aix, 363 p. ;$c20 cm.
500   $a"Page 319-363 revised and inserted in each new addition"--P. ix.
650  0$aMentally ill$xCare.
650  0$aMental illness.
830  0$aHarvard medicine preservation microfilm project.$nPart 2 ;$v02766.$5mmf
988   $a20020608
906   $0MH

