LEADER 00669nam a2200205I  4500
001 004000464-3
005 20020606095253.2
008 780331s1905    txu           000 0 eng c
010   $aa  24000574 
035 0 $aocm03767286
040   $aH. E. Huntington Libr.$cIAU$dHLS
090   $aF386$b.B4 Hoard
100 1 $aBedford, Hilory G.
245 10$aTexas Indian troubles :$bThe most thrilling events in the history of Texas illustrated /$cBy Hilory G. Bedford.
260   $aDallas, Tex. :$bHargreaves Printing Co., Inc.,$c1905.
300   $a249 p.$billus.$c22 cm.
650  0$aIndians of North America$zTexas.
651  0$aTexas$xHistory.
988   $a20020608
906   $0OCLC

