LEADER 00627nam a2200205I  4500
001 004000465-1
005 20090712174406.0
008 780404s1909    nyua          000 0 eng  
010   $a   09026810 
035 0 $aocm03778690
040   $aDLC$cAAA$dHLS
050 0 $aTK401$b.B4
100 1 $aBedell, Frederick,$d1868-
245 00$aDirect and alternating current testing,$cby Frederick Bedell, assisted by Clarence A. Pierce.
260   $aNew York,$bD. Van Nostrand,$c1909.
300   $ax, 265 p.$bdiagrs.$c23 cm.
650  0$aElectric testing.
700 1 $aPierce, Clarence Albert,$ejoint author.
988   $a20020608
906   $0DLC

