LEADER 00903nam a2200253I  4500
001 004000466-X
005 20070901105636.0
008 780405m19301938it a          000 0 ita  
010   $a   41001468 //r
035 0 $aocm03781177
040   $aDLC$cWTU$dHTV
050   $aDG65$b.L8
050   $aDG65$b.L8 1931
100 1 $aLugli, Giuseppe,$d1890-1967.
245 12$aI monumenti antichi di Roma e suburbio.
260   $aRoma,$bG. Bardi,$c1930-38.
300   $a3 v.$billus., fold. plates, plans (part fold.) diagr.$c17 cm.
500   $aFirst edition of v. 1 published Rome, 1924, under title: La zona archeologica di Roma.
500   $aUn Decennio di Scoperte Archeologiche.
505 0 $aI. La zona archeologica.--II. Le grandi opere pubblicha.--III. A traverso le regioni.
651  0$aRome (Italy)$xAntiquities.
651  0$aRome (Italy)$xDescription and travel.
988   $a20020608
906   $0DLC

