LEADER 01032cam a2200277I  4500
001 004000467-8
005 20020606095253.2
008 780406s1918    nyu           000 0 eng c
010   $aa  19000365 //r
035 0 $aocm03783121
040   $aIllinois Univ. Library$cSUC$dSUC$dOCL$dHLS
041 1 $aeng$hger
050   $aHX546$b.B
100 1 $aBebel, August,$d1840-1913
245 10$aWoman: past, present and future,$cAugust Bebel. Authorized translation by Meta L. Stern.
260   $aNew York,$bBoni and Liveright,$c1918.
300   $a512 p.$c20 cm.
504   $aIncludes bibliographical references.
650  0$aSocialism.
650  0$aWomen$xSocial and moral questions.
700 1 $aStern, Meta Lilienthal,$d1875-$etr.
700 1 $aLilienthal, Meta Stern,$d1876-1948,$etr.
776 08$iOnline version:$aBebel, August, 1840-1913.$tWoman: past, present and future.$dNew York, Boni and Liveright, 1918$w(OCoLC)879581714
700 1 $aLilienthal, Meta Stern,$d1876-1948,$etranslator.
988   $a20020608
906   $0OCLC

