LEADER 00748nam a2200241I  4500
001 004000468-6
005 20020606095253.2
008 780407s1963    fr       b    001 0 fre  
010   $a   66032972 
035 0 $aocm03787429
040   $aDLC$cNOC$dNOC$dHLS
050 0 $aPG1418.S5$bZ6
100 1 $aBegić, Midhat.
245 10$aJovan Skerlić et la critique littéraire en Serbie.
260   $aParis,$bInstitut d'études slaves de l'Université de Paris,$c1963.
300   $a311 p.$c25 cm.
440  0$aTravaux publiés par l'Institut d'études slaves,$v29
500   $aCover title.
504   $aBibliography: p. 303-304.
600 10$aSkerlić, Jovan,$d1877-1914.
650  0$aCriticism$zYugoslavia$zSerbia.
988   $a20020608
906   $0DLC

