LEADER 00826cam a22002771i 4500
001 004000469-4
005 20020606095253.2
008 800312s1976    pl af         001 0bpol  
010   $a   80455847 //r85
015   $aP***
020   $czł65.00
035 0 $aocm03788028
035 0 $aocm03788028$zocm05656992
040   $aDLC$cDLC$dHLS
043   $ae-fr---
050 0 $aDC146.R6$bB37
100 1 $aBaszkiewicz, Jan.
245 00$aMaksymilian Robespierre /$cJan Baszkiewicz.
260   $aWrocław :$bZakład Narodowy im. Ossolińskich,$c1976.
300   $a301 p., [17] leaves of plates :$bill. ;$c22 cm.
500   $aIncludes index.
600 10$aRobespierre, Maximilien,$d1758-1794.
650  0$aStatesmen$zFrance$vBiography.
651  0$aFrance$xHistory$yRevolution, 1789-1799.
988   $a20020608
906   $0DLC

