LEADER 00772nam a2200217I  4500
001 004000470-8
005 20020606095253.2
008 780413s1898    gw            000 0 ger d
035 0 $aocm03799665
040   $aHUC$cHUC$dHLS
090   $aHX276$b.B4
100 1 $aBebel, August,$d1840-1913.
245 10$aKlassenpolitik und Sozialreform.$bZwei Etats-Reden,$cvon A.Bebel (gehalten in den Reichstags-Sitzungen vom 11. und 15. Dezember 1897) Aus dem amtlichen Stenogramm.
260   $aBerlin,$bBuchhandlung Vorwärts (T.Glocke)$c1898.
300   $a62 p.$c23 cm.
610 20$aSozialdemokratische Partei Deutschlands.
650  0$aWorking class$zGermany.
651  0$aGermany$xPolitics and government$y1871-1918.
650  0$aLabor$zGermany.
988   $a20020608
906   $0OCLC

