LEADER 00637nam a2200217Ii 4500
001 004000471-6
005 20020606095253.2
008 780414s1963    fr       b    000 0 fre d
035 0 $aocm03803362
040   $aEEM$cEEM$dHLS
090   $aHE8699.A35$bB4
100 1 $aBebey, Francis
245 13$aLa radiodiffusion en Afrique Noire /$cFrancis Bebey.
260   $aIssy-les-Moulineaux (Seine) :$bÉditions Saint-Paul,$c1963.
300   $a191 p. ;$c18 cm.
490 0 $aAfrique monde
504   $aBibliography: p. 189-191.
650  0$aRadio broadcasting$zAfrica, North.
650  0$aRadio$zAfrica, North.
988   $a20020608
906   $0OCLC

