LEADER 00501nam a2200193Ii 4500
001 004000472-4
005 20020606095253.2
008 780417s1963    enk           000 1 eng d
015   $aGB63-413
035 0 $aocm03804691
040   $aKLG$cKLG$dUKM$dHLS
082 04$a823.91$218
090   $aPR6003.E294$bF3
100 1 $aBedford, Sybille,$d1911-
245 12$aA favourite of the gods /$cSybille Bedford.
260   $aLondon :$bCollins,$c1963.
300   $a311 p. ;$c22 cm.
988   $a20020608
906   $0OCLC

