LEADER 01017cam a2200253I  4500
001 004000473-2
005 20020606095253.2
008 780418s1914    enk           000 0 eng  
010   $a   30025582 
035 0 $aocm03807939
040   $aDLC$cKLG$dHLS
050 0 $aD511$b.B328
082   $a940.311
100 1 $aBeck, James M.$q(James Montgomery),$d1861-1936.
245 10$aAmerica's view of Germany's case /$cBy James H. [i.e. M.] Beck , and Dr. Charles W. Eliot.
260   $aLondon :$bCentral Committee for National Patriotic Organizations$c1914.
300   $a32 p.$c22 cm.
500   $aAuthor's name on t.-p. and half title covered by label: By James M. Beck.
500   $a"No. 101."
505 0 $aBeck, J. H. [i.e. M.] Germany v. the allies. Judgment. From the "New York times," October 25th, 1914.--Eliot, C. W. An address before the Business Women's Club, October 15th, 1914.
650  0$aWorld War, 1914-1918$xCauses.
700 1 $aEliot, Charles William,$d1834-1926.
988   $a20020608
906   $0DLC

