LEADER 00650cam a2200205I  4500
001 004000474-0
005 20020606095253.2
008 780420s1876    nyuab         000 0 eng d
035 0 $aocn197330506
035 0 $aocm03815707
040   $aCOO$cCOO$dOCL$dHLS
090   $aG3763.B4$bB41 1876
100 1 $aBeers, F. W.$q(Frederick W.)
245 00$aCounty atlas of Berkshire, Massachusetts.$bFrom actual surveys.
260   $aNew York,$bR. T. White,$c1876.
300   $a116 p.$billus., col. maps (part fold.)$c41 cm.
500   $aCover title: Atlas of Berkshire County, Mass.
651  0$aBerkshire County (Mass.)$xMaps.
988   $a20020608
906   $0OCLC

