LEADER 00885nam a2200229K  4500
001 004000475-9
005 20020606095253.2
008 780424s1927    xx            000 0 eng u
035 0 $aocm03823480
040   $cWVD$dHLS
050 14$aPS1449$b.C85 Z55 1927
100 1 $aBeer, Thomas,$d1889-1940.
245 00$aStephen Crane;$ba study in American letters.$cWith an introd. by Joseph Conrad.
260   $aGarden City, N.Y.,$bGarden City Pub. Co.$c1927, [c1923]
300   $a248 p.$bport.$c21 cm.
600 10$aCrane, Stephen,$d1871-1900.
600 10$aCrane, Stephen,$d1871-1900$xCriticism and interpretation.
650  0$aAuthors, American$y19th century$vBiography.
700 1 $aConrad, Joseph,$d1857-1924.
776 08$iOnline version:$aBeer, Thomas, 1889-1940.$tStephen Crane.$dGarden City, N.Y. : Garden City Pub. Co., 1927, ©1923$w(OCoLC)563026797
988   $a20020608
906   $0MH

