LEADER 00664nam a2200205I  4500
001 004000477-5
005 20070618204933.0
008 780428s1832    mau           000 0 eng  
010   $a   09032739 /t
035 0 $aocm23899272
035 0 $aocm03836992
040   $aDLC$cEEM$dHVL
050   $aJK2318$b.M42 1832
110 2 $aNational Republican Party (Mass.)$gConvention, 1832.
245 00$aJournal of the proceedings of the National Republican convention, held at Worcester, October 11, 1832 ...
260   $aBoston :$bStimpson & Clapp,$c1832.
300   $a75 p.$c23 cm.
650  0$aCampaign literature$xDemocratic$zMassachusetts.
988   $a20020608
906   $0DLC

