LEADER 00708cam a2200241 i 4500
001 004000478-3
005 20020606095253.2
008 780224s1961    ne       b    001 0 dut  
010   $a   77579153 //r892
035 0 $aocm03846582
040   $aDLC$cDLC$dHLS
050 00$aR135.5$b.B37
100 1 $aBaruch, J. Z.
245 10$aGeneeskunde in het oude Israël /$cJ. Z. Baruch ; met een voorwoord van A. Querido.
260   $aAmsterdam :$bJoachimsthal,$c1961.
300   $a168 p. ;$c18 cm.
490 0 $aMenorah reeks
500   $aIncludes indexes.
504   $aBibliography: p. 165-168.
650  0$aMedicine in the Bible.
650  0$aMedicine in rabbinical literature.
988   $a20020608
906   $0DLC

