LEADER 00648nam a2200193I  4500
001 004000479-1
005 20020606095253.2
008 780504s1930    enkf          000 0aeng d
035 0 $aocm03860563
040   $aYUS$cYUS$dHLS
100 1 $aBeardsley, Aubrey,$d1872-1898
245 04$aThe later work of Aubrey Beardsley.
260   $aLondon,$bJohn Lane;$aNew York,$bJohn Lane Company,$c1930.
300   $a6 p.l., 174 (i.e. 173) plates (incl. front., ports.)$c30 cm.
500   $aDecorated t.p. is listed as plate 2.
500   $a"First published, Nov. 1900, reprinted, 1930."
600 10$aBeardsley, Aubrey,$d1872-1898.
988   $a20020608
906   $0OCLC

