LEADER 01486cam a2200349I  4500
001 004000480-5
005 20071015202603.0
008 780504s1932    nyuf     b    000 0 eng  
010   $a   32033298 //r34
035 0 $aocm03862629
040   $aDLC$cTLM$dOCL$dSER$dHTV
043   $af-ua---
050 0 $aN5350$b.W5
050 0 $aN5350$b.W5 1932
100 1 $aWilliams, Caroline Ransom.
245 14$aThe decoration of the tomb of Per-nēb :$bthe technique and the color conventions /$cby Caroline Ransom Williams.
246 3 $aPer-nēb, Decoration of the tomb of
260   $aNew York :$b[s.n.],$c1932.
300   $aix, 99 p., 2 ℓ., XX pl. (part col.; incl. front.) :$bill. ;$c32 cm.
490 0 $aMetropolitan Museum of Art. Department of Egyptian Art. [Publications] ;$vv. III
500   $aEach plate accompanied by leaf with descriptive letterpress.
500   $a"Of this book seven hundred and fifty copies were printed by the Southworth Press, Portland, Maine, in September, 1932."
504   $a"List of references cited": p. [75]-81.
650  0$aTombs$zEgypt$zṢaqqārah.
650  0$aArt, Egyptian.
650  0$aTombs$zEgypt$zṢaqqārah.
650  0$aDecoration and ornament$zEgypt.
650  0$aMural painting and decoration.
710 2 $aMetropolitan Museum of Art (New York, N.Y.)
776 08$iOnline version:$aWilliams, Caroline Ransom.$tDecoration of the tomb of Per-nēb.$dNew York, 1932$w(OCoLC)669326611
988   $a20020608
906   $0DLC

