LEADER 00950nam a2200265Ia 4500
001 004000481-3
005 20020606095253.2
008 780505s1871    oncc          000 0 eng  
010   $a   01006701 //r
035 0 $aocm13850700
035 0 $aocm03866857
040   $aDLC$cCSJ$dHLS
050 0 $aF1063$b.B41
100 1 $aBegg, Alexander,$d1839-1897.
245 14$aThe creation of Manitoba, or, A history of the Red river troubles /$cby Alexander Begg.
246 3 $aHistory of the red river troubles
260   $aToronto :$bA. H. Hovey,$c1871.
300   $av, 408 p., [1] leaf of plates :$bports. ;$c19 cm.
650  0$aRed River Rebellion, 1869-1870.
651  0$aManitoba$xHistory.
700 1 $aTower, Joseph Tuckerman,$d1897-1931,$eformer owner.$5hou
752   $aCanada$bOntario$dToronto.
830  0$aWestern Americana, frontier history of the trans-Mississippi West, 1550-1900$vreel 44, no. 421.$5mic
988   $a20020608
906   $0DLC

