LEADER 01003cam a22002771  4500
001 004000482-1
005 20070901105637.0
008 770506s1965    it a     bc   000 0 ita  
010   $a   76239047 //r85
035 0 $aocm03871580
040   $aDLC$cDLC$dHTV
050 0 $aNE662.C29$bC3
050 0 $aNE662.C29$bC3 1965
100 1 $aCalvesi, Maurizio,$ecomp.
245 13$aLe incisioni dei Carracci;$ccatalogo critico a cura di Maurizio Calvesi e Vittorio Casale. Introd. di Maurizio Calvesi.
260   $a[Roma]$bComunità europea dell'arte e della cultura$c[1965]
300   $a70 p., [113] p. of illus.$c23 cm.
500   $aCatalog of an exhibit at the Calcografia nazionale, Rome, April-May, 1965.
504   $aBibliography: p. 14.
600 10$aCarracci, Agostino,$d1557-1602.
600 10$aCarracci, Annibale,$d1560-1609.
600 10$aCarracci, Lodovico,$d1555-1619.
700 1 $aCasale, Vittorio,$ejoint comp.
710 2 $aCalcografia nazionale (Italy)
988   $a20020608
906   $0DLC

