LEADER 00677nam a2200217Ii 4500
001 004000483-X
005 20020606095253.2
008 780509m18951897uy bc         000 0 spa  
010   $a   01024179 
035 0 $aocm03877398
040   $aDLC$cCUI$dHLS
050   $aF2723$b.B35
100 1 $aBauzá, Francisco,$d1849-1899.
245 10$aHistoria de la dominación española en el Uruguay.
250   $a2. ed.$brefundida con auxilio de nuevos documentos.
260   $aMontevideo,$bA. Barreiro y Ramos,$c1895-97.
300   $a3 v.$bports., maps ( 1 fold.)$c25 cm.
651  0$aUruguay$xHistory$yTo 1810.
651  0$aUruguay$xHistory$y1810-1830.
988   $a20020608
906   $0DLC

