LEADER 00776cam a2200265I  4500
001 004000484-8
005 20070901105637.0
008 780510s1953    fr a          000 0 fre  
010   $a   53030869 /L
035 0 $aocm03882211
040   $aDLC$cCSJ$dSER$dHTV
050 0 $aGN422$b.L6
050 0 $aGN422$b.L6 1953
082   $a799.2957
100 2 $aLot-Falek, Eveline,$d1918-
245 14$aLes rites de chasse chez les peuples sibériens.
260   $a[Paris]$bGallimard$c[1953]
300   $a235 p.$billus.$c23 cm.
440  2$aL'espèce humaine ;$v9.
650  0$aHunting, Prehistoric.
650  0$aHunting$zRussia (Federation)$zSiberia.
690  9$aAsia.$5ecb
690  9$aTina & Gordon Wasson Ethnomycological Collection.$5ecb
988   $a20020608
906   $0DLC

