LEADER 00738nam a2200229I  4500
001 004000485-6
005 20020606095253.2
008 780512s1966    it            000 0bita  
010   $a   67124984 
035 0 $aocm03889986
040   $aDLC$cNJR$dHLS
050 0 $aB3614.C74$bB3
082   $a195
100 1 $aBausola, Adriano.
245 10$aEtica e politica nel pensiero di Benedetto Croce.
260   $aMilano,$bSocietà editrice Vita e pensiero$c[1966]
300   $aviii, 265 p.$c24 cm.
500   $a"Il presente volume fa seguito a quello ... pubblicato l'anno scorso su Filosofia e storia nel pensiero crociano."
504   $aBibliographical footnotes.
600 10$aCroce, Benedetto,$d1866-1952.
988   $a20020608
906   $0DLC

