LEADER 00696cam a2200229Ia 4500
001 004000486-4
005 20020606095253.2
008 780515s1953    ag       b    000 0 spa  
010   $a   57018439 /L
035 0 $aocm03894907
040   $aDLC$cUPM$dPIT$dHLS
043   $as-ag---
050 0 $aPQ7791.R5$bB4
245 00$aNegros y Morenos en el cancionero rioplatense /$cHoracio Jorge Becco.
260   $aBuenos Aires? :$bSociedad Argentina de Americanistas,$c1953.
300   $a70 p. :$bill. ;$c20 cm.
504   $aBibliography: p. 55-70.
650  0$aBlacks$vPoetry.
650  0$aArgentine poetry$zRio de la Plata.
700 1 $aBecco, Horacio Jorge,$d1924-
988   $a20020608
906   $0DLC

