LEADER 00484nam a2200169I  4500
001 004000487-2
005 20020606095253.2
008 780515s1954    at            000 0 eng u
035 0 $aocm03896548
040   $cTXX$dHLS
100 1 $aBayley, William Alan
245 10$aBorder city :$bhistory of Albury, New South Wales /$cby William A. Bayley.
260   $aAlbury :$bAlbury City Council,$c1954.
300   $a180 p. :$bill. ;$c23 cm.
651  0$aAlbury (N.S.W.)
988   $a20020608
906   $0MH

