LEADER 00684cam a2200229Ii 4500
001 004000488-0
005 20070428115435.0
008 911023s1784    fr      s     000 0 fre d
035 0 $aocm24609001
035 0 $aocm03898575
040   $aZYU$cZYU$dOCL$dHVL
090   $aHB161$b.G64 no. 12732
090   $aHJ1082$b.N3 1784
100 1 $aNecker, Jacques,$d1732-1804.
245 10$aDe l'administration des finances de la France /$cpar M. Necker.
260   $a[Paris? :$bs.n.],$c1784.
300   $a3 v. :$bfold. tables ;$c23 cm.
500   $aGoldsmiths'-Kress no. 12740.5-1.
650  0$aFinance$zFrance.
830  0$aMaking of the Modern World.$5net
988   $a20020608
906   $0OCLC

