LEADER 00686nam a22002291  4500
001 004000489-9
005 20020606095253.2
008 780427s1969    it a          000 0 ita  
010   $a   74575930 //r78
015   $aIt***
035 0 $aocm03914741
040   $aDLC$cDLC$dHLS
050 0 $aAS222$b.R53 n. 132
100 1 $aBecatti, Giovanni,$d1912-
245 13$aIl classico in Raffaello.$cRelazione svolta nella seduta ordinaria dell' 8 marzo 1969.
260   $aRoma,$c1969.
300   $a15 p.$billus.$c27 cm.
440  0$aProblemi attuali di scienza e di cultura ;$vquaderno n. 132
600 00$aRaphael,$d1483-1520.
650  0$aClassicism in art.
988   $a20020608
906   $0DLC

