LEADER 00875cam a2200241I  4500
001 004000491-0
005 20070901105637.0
008 780525s1905    enka          000 0 eng  
010   $a   06002939 
035 0 $aocm03438546
035 0 $aocm03928517
040   $aDLC$cOKU$dOCL$dHTV
050 0 $aSF283$b.R54
050 0 $aSF283$b.R54 1905
100 1 $aRidgeway, William,$cSir,$d1853-1926.
245 14$aThe origin and influence of the thoroughbred horse,$cby William Ridgeway.
260   $aCambridge,$bUniversity Press,$c1905.
300   $axvi, 538 p.$billus.$c22 1/2 cm.
440  0$aCambridge biological series
505 0 $aIntroduction: The ancestors of the Equidae.--The existing Equidae.--The horses of prehistoric and historic times.--The origin of the Libyan horse.--The development of equitation.--Addenda.
650  0$aHorses.
988   $a20020608
906   $0DLC

