LEADER 01433nam a2200313I  4500
001 004000493-7
005 20020606095253.2
008 780530s1902    enka          001 0 eng  
010   $a   03001929 
035 0 $aocm03937981
035 1 $aCTRG95B1086
035 1 $zMNUGADN1720B
040   $aDLC$cTRI$dHLS
043   $aaw-----$ae-uk-en
050 0 $aCR4731.G2$bB4
060 00$aWX$bB411o 1902
100 1 $aBedford, W. K. Riland$q(William Kirkpatrick Riland),$d1826-1905.
245 14$aThe Order of the Hospital of St. John of Jerusalem;$bbeing a history of the English Hospitallers of St. John, their rise and progress,$cby W. K. R. Bedford ... and Richard Holbeche.
260   $aLondon,$bF. E. Robinson and co.,$c1902.
300   $ax, 227, [1] p.$billus., 30 pl. (incl. front.)$c23 cm.
504   $aIncludes bibliographical references and index.
610 20$aGrand Priory in the British Realm of the Most Venerable Order of the Hospital of St. John of Jerusalem.
610 22$aKnights of Malta.
700 1 $aHolbeche, Richard,$d1850-$ejoint author.
700 1 $aHolbeche, Richard,$d1850-
776 08$iOnline version:$aBedford, W.K. Riland (William Kirkpatrick Riland), 1826-1905.$tOrder of the Hospital of St. John of Jerusalem.$dLondon, F.E. Robinson and Co., 1902$w(OCoLC)609277805
830  0$aWestern books, The Middle East from the Rise of Islam ;$vfiches 1,711-1,714.$5mic
988   $a20020608
906   $0DLC

