LEADER 00601cam a2200205I  4500
001 004000494-5
005 20020606095253.2
008 780601s1835    stk           000 0 eng  
010   $a   06036772 
035 0 $aocm03945099
040   $aDLC$cKSU$dOCL$dHVL
050   $aDA758.3.L6$bN2
100 1 $aNapier, Mark,$d1798-1879.
245 10$aHistory of the partition of the Lennox.$cBy Mark Napier.
260   $aEdinburgh :$bW. Blackwood and sons; [etc., etc.]$c1835.
300   $axvi, 256 p. :$billus. ;$c22 cm.
500   $aTitle vignette.
600 30$aLennox, Earls of.
988   $a20020608
906   $0DLC

