LEADER 00856cam a2200229I  4500
001 004000495-3
005 20020606095253.2
008 780605q19201929fr            000 0 eng  
010   $a   34017534 
035 0 $aocm03949602
040   $aDLC$cSUC$dSUC$dHLS
050 0 $aPQ1956$b.A63 1920
082   $a842.58
100 1 $aBeaumarchais, Pierre Augustin Caron de,$d1732-1799.
245 13$aLe barbier de Séville;$bou La précaution inutile.$cComédie en quarte actes représentée et tombée sur le théâtre de la Comédie-Française, aux Tuileries, le 23 février 1775 ... Notice et notes pa [!] Ch. M. Des Granges.
260   $aParis,$bHatier$c[192-]
300   $a58 p.$c17 cm.
440  4$aLes classiques por tous.$vno. 24.
500   $aAt head of title: Beaumarchais.
700 1 $aDes Granges, Charles Marc,$d1861-
988   $a20020608
906   $0DLC

