LEADER 00657nam a2200217I  4500
001 004000496-1
005 20020606095253.2
008 780612s1883    sz            000 0 ger u
035 0 $aocm03967105
040   $cFTU$dHLS
050  4$aHQ1121$b.G47 no. 183
090   $aHQ1121$b.G47 no. 183
100 1 $aBebel, August,$d1840-1913.
245 14$aDie Frau in der Vergangenheit, Gegenwart und Zukunft.
260   $aZurich,$bVerlags-Magazin (J. Schabelitz)$c1883.
300   $a3 sheets (220 p.)$c11 x 15 cm.
490 0 $aGerritsen women's history,$vno. 183
650  0$aSocialism.
650  0$aWomen$xSocial and moral questions.
988   $a20020608
906   $0MH

