LEADER 00743nam a2200241I  4500
001 004000497-X
005 20020606095253.2
008 780612s1900    gw            000 0 ger u
035 0 $aocm03967122
040   $cFTU$dHLS
050  4$aHQ1121$b.G47 no. 184
090   $aHQ1121$b.G47 no. 184
100 1 $aBebel, August,$d1840-1913.
245 14$aDie Frau und der Sozialismus.
250   $a31 Aufl. (Nach der Jubiläums-Augs. unverändert.)
260   $aStuttgart,$bDietz Nachf.,$c1900.
300   $a6 sheets (xxiv, 472 p.)$btables$c11 x 15 cm.
490 0 $aGerritsen women's history,$vno. 184.
504   $aBibliographical footnotes.
650  0$aSocialism.
650  0$aWomen$xSocial and moral questions.
988   $a20020608
906   $0MH

