LEADER 00863cam a2200253Ia 4500
001 004000498-8
005 20020606095253.2
008 780613s1917    nyu           000 0 eng  
010   $a   18004562 
035 0 $aocm03970618
040   $aDLC$cEEM$dWIH$dHLS
043   $an-us---
050 0 $aD570.15$b.B4
100 1 $aBeck, James M.$q(James Montgomery),$d1861-1936.
245 14$aThe enemy within our gates :$ban address /$cdelivered by James M. Beck.
260   $aNew York City :$bAmerican Defense Society,$c[1917?]
300   $a24 p. ;$c23 cm.
500   $aCover title.
500   $a"At Carnegie Hall, November 2, 1917, to protest against the spirit of disloyalty."
600 10$aHearst, William Randolph,$d1863-1951.
650  0$aWorld War, 1914-1918$zUnited States$xPropaganda.
710 2 $aAmerican Defense Society.
988   $a20020608
906   $0DLC

