LEADER 00561nam a2200193I  4500
001 004000499-6
005 20020606095253.2
008 780614s1791    gw            000 1 ger d
035 0 $aocm03975081
040   $aTJC$cTJC$dHHG
050  4$aPT1802.A35$bB55
090   $aPT1802.A35$bB55
100 1 $aAlxinger, Johann Baptist von,$d1755-1797.
245 10$aBliomberis.$bEin Rittergedicht in zwölf Gesängen,$cvon Alxinger.
260   $aFrankfurt, Leipzig,$c1791.
300   $a482 p.$c18 cm.
500   $aTitle vignette, engr. (port.)
988   $a20020608
906   $0OCLC

