LEADER 00617nam a2200193Ii 4500
001 004000500-3
005 20020606095253.2
008 780615s1909    gw            000 0 ger d
035 0 $aocm03976673
040   $aCLU$cCLU$dHLS
090   $aBM744$b.B392s
100 1 $aBeermann, Max
245 10$aSonne und Schild ist der Ewige! :$bFestpredigten : nebst einem Anhang, Sabbat- und Gelegenheitsreden /$cvon Max Beermann.
260   $aFrankfurt a.M. :$bJ. Kauffmann,$c1909.
300   $axii, 478 p. ;$c23 cm.
650  0$aFestival-day sermons, Jewish.
650  0$aOccasional sermons, Jewish.
988   $a20020608
906   $0OCLC

