LEADER 00924nam a2200253I  4500
001 004000501-1
005 20020606095253.2
008 780616q19001978fr c          000 0 fre d
035 0 $aocm03981170
040   $aAZU$cAZU$dHLS
050  4$aPQ1956$b.A63 19--
090   $aPQ1956$b.A63 19--
100 1 $aBeaumarchais, Pierre Augustin Caron de,$d1732-1799.
245 13$aLe barbier de Séville$bet Le mariage de Figaro;$cpref. de Jules Claretie.
246 3 $aMariage de Figaro.
260   $aParis,$bJ. M. Dent;$aNew York,$bDutton$c[19--]
300   $axi, 230 p.$bport.$c17 cm.
490 0 $aCollection gallia
490 0 $aTreasuries of French literature
504   $aBibliography: p. 229-230.
650  0$aFrench drama.
776 08$iOnline version:$aBeaumarchais, Pierre Augustin Caron de, 1732-1799.$tBarbier de Séville.$dParis, J.M. Dent; New York, Dutton [19--]$w(OCoLC)875215412
988   $a20020608
906   $0OCLC

