LEADER 00833cam a2200241Ia 4500
001 004000502-X
005 20020606095253.2
008 780619s1922    ilu           000 0ceng  
010   $a   24017105 
035 0 $aocm03984694
040   $aDLC$cERE$dWIH$dHLS
043   $an-us---$an-us-il
050 0 $aE457.32$b.B26
100 1 $aBarton, William Eleazar,$d1861-1930.
245 14$aThe parents of Abraham Lincoln :$ban address /$cby William E. Barton.
260   $aCharleston, Ill. :$bThe Charleston Daily Courier,$c1922.
300   $a8 p. ;$c23 cm.
500   $a"Delivered at the grave of Thomas Lincoln, Goose Nest Prairie, near Janesville, Illinois, September 18, 1922."
600 10$aLincoln, Abraham,$d1809-1865$xFamily.
600 10$aLincoln, Thomas,$d1778-1851.
600 30$aLincoln family.
988   $a20020608
906   $0DLC

