LEADER 00917nam a2200265I  4500
001 004000503-8
005 20020606095253.2
008 780619s1838    gw            000 0 ger d
035 0 $aocm03984736
040   $aTJC$cTJC$dHLS
050  4$aPT1817.B3$bF35
090   $aPT1817.B3$bF35
100 1 $aBeck, Karl,$d1817-1879.
245 14$aDer fahrende Poet.$bDichtungen.
260   $aLeipzig,$bWilh. Engelmann,$c1838.
300   $a250 p.$c17 cm.
505 0 $aUngarn -- Wien -- Weimar : Goethes Haus -- Die Wartburg.
610 20$aWartburg (Eisenach, Germany)$vPoetry.
600 10$aGoethe, Johann Wolfgang von,$d1749-1832$xHomes and haunts$zGermany$zWeimar (Thuringia)$vPoetry.
600 10$aGoethe, Johann Wolfgang von,$d1749-1832$xHomes and haunts$vPoetry.
651  0$aHungary$vPoetry.
651  0$aVienna (Austria)$vPoetry.
651  0$aWeimar (Thuringia, Germany)$vPoetry.
988   $a20020608
906   $0OCLC

