LEADER 00852cam a2200217Ia 4500
001 004000504-6
005 20020606095253.2
008 780619s1923    iluh          000 0beng  
010   $a   24013565 
035 0 $aocm03984793
040   $aDLC$cERE$dWIH$dHLS
043   $an-us-il
050 0 $aE457.8$b.B324
100 1 $aBarton, William Eleazar,$d1861-1930.
245 14$aThe education of Abraham Lincoln :$ban address delivered before the faculty and students of Illinois College, Jacksonville, Illinois, February 7, 1923 /$cby William E. Barton.
260   $aJacksonville, Ill. :$bCourier Press,$c[1923]
300   $a21 p. :$bfascims. ;$c23 cm.
500   $a"Edition 200. This is no. 16. William E. Barton." Ms. note on p. [2] of cover of L. C. copy.
600 10$aLincoln, Abraham,$d1809-1865$xKnowledge and learning.
988   $a20020608
906   $0DLC

