LEADER 00755cam a2200217Ia 4500
001 004000505-4
005 20020606095253.2
008 780620s1923    wyu           000 0beng  
010   $a   23014450 
035 0 $aocm03986917
040   $aDLC$cERE$dWIH$dHLS
043   $an-us---
050 0 $aE457.8$b.B32
100 1 $aBarton, William Eleazar,$d1861-1930.
245 10$aAbraham Lincoln and the American ideal /$cby William E. Barton.
260   $aCasper, Wy. :$bThe Casper Daily Tribune,$c[1923]
300   $a15 p. ;$c21 cm.
500   $a"A sermon broadcast by radio from the Westinghouse station and the platform of Orchestra hall, Chicago, Sunday, February 11, 1923."
600 10$aLincoln, Abraham,$d1809-1865$xSermons.
988   $a20020608
906   $0DLC

