LEADER 00774nam a2200241I  4500
001 004000506-2
005 20020606095253.2
008 780622s1881    stka    a     001 0 eng  
010   $a   03028895 
035 0 $aocm03994940
040   $aDLC$cIUL$dHMM
043   $ae-uk-st
050   $aDA777$b.A54
100 1 $aAnderson, Joseph,$d1832-1916.
245 10$aScotland in early Christian times \$cby Joseph Anderson.
260   $aEdinburgh,$bD. Douglas,$c188l.
300   $axiv, 262 p., [3] leaves of plates$bill. (3 fold)$c23 cm.
490 0 $aRhind lectures in archaeology,$v1879
500   $aA second series (Rhind lectures in archaeology, 1880) published the same year.
500   $aIncludes index.
651  0$aScotland$xAntiquities.
988   $a20020608
906   $0DLC

