LEADER 01389cam a2200337I  4500
001 004000507-0
005 20070901105637.0
008 780622s1914    enkf          001 0 eng  
010   $a   15000052 
035 0 $aocm03995555
040   $aDLC$cIAT$dIAT$dHTV
043   $ae-uk-en
050 0 $aNK2985.L5$bV5 1914a
050 0 $aNK2985.L5$bV5 1914
110 2 $aVictoria and Albert Museum.$bDepartment of Textiles.
245 00$aCatalogue of tapestries,$cby A. F. Kendrick.
260   $aLondon,$bH.M. Stationery off.,$c1914.
300   $a4 p. l., 7-104 p.$bfront., XVIII pl.$c25 cm.
490 0 $aPublication no. 91 T
500   $a"First edition, January 1914."
500   $a"Prefatory note" signed: Cecil Smith.
500   $aAppendices: Supplementary notes, by Mr. A. Van de Put, upon the heraldry of certain tapestries described in this Catalogue. List of useful works on tapestry in the Library of the Museum (p. 90-95)
650  0$aTapestry$zEngland$zLondon$xCatalogs.
650  0$aHeraldry.
655  7$aCatalogs.$2fast
700 1 $aKendrick, A. F.$q(Albert Frank),$d1872-
700 1 $aVan de Put, Albert.
700 1 $aKendrick, A. F.$q(Albert Frank),$d1872-1954.
776 08$iOnline version:$aVictoria and Albert Museum. Department of Textiles.$tCatalogue of tapestries.$dLondon, H.M. Stationery Off., 1914$w(OCoLC)898763290
988   $a20020608
906   $0DLC

