LEADER 00482nam a22001811  4500
001 004000508-9
005 20020606095253.2
008 780522s1940    at            000 0 eng  
010   $aa  41004500 //r78
035 0 $aocm04007048
040   $aDLC$cDLC$dHLS
050 0 $aPR9619.3.B37$bS4
100 1 $aBaylebridge, William,$d1887-1942.
245 10$aSextains,$cby William Baylebridge.
260   $aSydney,$bTallabila Press,$c1940.
300   $a14 p.$c25 cm.
988   $a20020608
906   $0DLC

