LEADER 00744cam a2200229I  4500
001 004000509-7
005 20020606095253.2
008 780627s1925    nyu           001 0 eng  
010   $a   26026524 
035 0 $aocm04012047
040   $aDLC$cAZU$dAZU$dOCL$dHLS
050 0 $aQH125$b.B4 1925
100 1 $aBeebe, William,$d1877-1962.
245 10$aJungle peace,$cby William Beebe, foreword by Theodore Roosevelt.
260   $aNew York,$bThe Modern Library$c[1925]
300   $a3 p. ℓ., v-xi p., 2 ℓ., 3-297 p.$c17 cm.
440  4$aThe Modern library of the world's best books
500   $a"First Modern library edition."
650  0$aNatural history$zGuyana.
651  0$aGuyana$xDescription and travel.
988   $a20020608
906   $0DLC

