LEADER 00706nam a2200217I  4500
001 004000510-0
005 20050502135402.0
008 780705s1968    it       b    001 0dita  
010   $a   74362170 
035 0 $aocm04024178
040   $aDLC$cNYG$dHLS
050   $aB29$b.M52 vol. 13
100 1 $aBausola, Adriano.
245 10$aConoscenza e moralità in Franz Brentano.
260   $aMilano,$bVita e pensiero,$c1968.
300   $avii, 218 p.$c24 cm.
440  0$aPubblicazioni dell'Università cattolica del Sacro Cuore.$pContributi.$nSerie terza,$pScienze filosofiche ;$v13
504   $aBibliography: p. 200-214.
600 10$aBrentano, Franz Clemens,$d1838-1917$xEthics.
988   $a20020608
906   $0DLC

