LEADER 01114cam a2200277I  4500
001 004000511-9
005 20060222125902.0
008 780706s1970    it       b    000 0 ita  
010   $a   72524509 
035 0 $aocm04027201
040   $aDLC$cYUS$dHLS
043   $aas-----
050 0 $aPL493$b.B3
100 1 $aBausani, Alessandro,$d1921-1988.
245 13$aLe letterature del sud-est asiatico.$bBirmana, siamese, laotiana, cambogiana, viêtnamita, giavanese, malese-indonesiana, filippina.
260   $aFirenze, Sansoni ;$bMilano, Accademia,$c1970.
300   $a442 p.$c19 1/2 cm.
440  3$aLe Letterature del mondo ;$v37
504   $aBibliography: p. [413]-420.
650  0$aOriental literature$zSoutheast Asia$xHistory and criticism.
651  0$aSoutheast Asia$xLiteratures$xHistory and criticism.
650  0$aOriental literature$xHistory and criticism.
651  0$aSoutheast Asia$xIn literature.
776 08$iOnline version:$aBausani, Alessandro, 1921-1988.$tLetterature del sud-est asiatico.$dFirenze, Sansoni ; Milano, Accademia, 1970$w(OCoLC)578927488
988   $a20020608
906   $0DLC

