LEADER 00882nam a2200229I  4500
001 004000512-7
005 20070901105638.0
008 780708s1951    gw af         000 0 ger c
010   $aa  52008419 
035 0 $aocm04032169
040   $aHarvard University Library$cUUM$dHTV
100 1 $aWinkler, Friedrich,$d1888-
245 00$aDürer und die Illustrationen zum Narrenschiff;$bdie Baseler und Strassburger Arbeiten des Künstlers und der altdeutsche Holzschnitt.
260   $aBerlin : Deutscher Verein für Kunstwissenschaft,$c1951.
300   $a118 p. :$bill., 88 plates (on double leaves) ;$c26 cm.
440  0$aForschungen zur deutschen Kunstgeschichte,$vBd. 36
504   $aBibliographical footnotes.
600 10$aDürer, Albrecht,$d1471-1528.
600 10$aBrant, Sebastian,$d1458-1521.$tNarrenschiff.
650  0$aWood-engraving$zGermany.
988   $a20020608
906   $0MH

