LEADER 01508nam a2200349 i 4500
001 004000513-5
005 20071015202603.0
008 780615s1978    it af    b    001 0 ita  
010   $a   78365746 
015   $aIt78-May
035 0 $aocm04033481
040   $aDLC$cDLC$dHTV
050 0 $aNA2515$b.S35
050 0 $aNA2515$b.S35 1978
082   $a720
245 00$aScritti rinascimentali di architettura ... /$ca cura di Arnaldo Bruschi, Corrado Maltese, Manfredo Tafuri, Renato Bonelli.
260   $aMilano :$bIl polifilo,$c1978.
300   $alxx, 499 p., 31 leaves of plates :$bill. ;$c27 cm.
440  0$aTrattati di architettura ;$vv. 4
490 1 $aClassici italiani di scienze tecniche e arti
500   $aIncludes index.
500   $aPatente a Luciano Laurana, Luca Pacioli, Francesco Colonna, Leonardo Da Vinci, Donato Bramante, Francesco Di Giorgio, Cesare Cesariano, Lettera a Leone X.
504   $aBibliography: p. [ii]-xvi.
520 8 $aIncludes the texts of: De divina proportione, by Luca Pacioli - Hypnerotomachia Poliphili, by Francesco Colonna - Frammenti sull' architettura, by Leonardo da Vinci.
650  0$aArchitecture$xEarly works to 1800.
650  0$aArchitecture, Renaissance.
655  7$aEarly works.$2fast
700 1 $aBruschi, Arnaldo.
776 08$iOnline version:$tScritti rinascimentali di architettura .$dMilano : Il polifilo, 1978$w(OCoLC)643621025
830  0$aClassici italiani di scienze, tecniche e arti.
988   $a20020608
906   $0DLC

