LEADER 00466nam a2200181I  4500
001 004000514-3
005 20020606095253.2
008 780710s1857    enk           000 0 eng u
035 0 $aocm04040800
040   $cACL$dHLS
090   $aBM685$b.B3
100 1 $aBaylee, John T.
245 10$aHistory of the Sabbath,$bor, Day of holy rest...
260   $aLondon,$bC. F. Hodgson,$c1857.
300   $a289p.
650  0$aSabbath$xBiblical teaching.
988   $a20020608
906   $0MH

