LEADER 00753cam a2200229Ia 4500
001 004000515-1
005 20020606095253.2
008 780712s1920    ilu           000 0beng  
010   $a   20006179 
035 0 $aocm04045931
040   $aDLC$cERE$dWIH$dHLS
043   $an-us---$an-us-il
050 0 $aE457.8$b.B3
100 1 $aBarton, William Eleazar,$d1861-1930.
245 10$aAbraham Lincoln :$ban address /$cby William E. Barton.
260   $aOak Park, Ill. :$bAdvance Publishing Co.,$c1920.
300   $a[16] p. ;$c24 cm.
500   $aCover title.
500   $a"Delivered in the First Congregational Church of Oak Park, Illinois, on Sunday, February 29, 1920."
600 10$aLincoln, Abraham,$d1809-1865$xSermons.
988   $a20020608
906   $0DLC

