LEADER 00814cam a2200217Ia 4500
001 004000516-X
005 20020606095253.2
008 780712s1923    kyu           000 0beng  
010   $a   24013566 
035 0 $aocm04045996
040   $aDLC$cERE$dWIH$dHLS
043   $an-us-ky
050 0 $aE457.8$b.B322
100 1 $aBarton, William Eleazar,$d1861-1930.
245 10$aAbraham Lincoln, Kentucky mountaineer :$ban address delivered before the faculty and students of Berea college, Berea, Kentucky, March 8, 1923 /$cby William E. Barton.
260   $aBerea, Ky. :$bBerea College Press,$c1923.
300   $a[16] p. ;$c23 cm.
500   $a"Edition 200. This is no. 49. William E. Barton" in ms. on p. [2] of cover.
600 10$aLincoln, Abraham,$d1809-1865$xKnowledge and learning.
988   $a20020608
906   $0DLC

