LEADER 00629cam a2200241Ii 4500
001 004000517-8
005 20020606095253.2
008 780720s1966    enk           000 0 eng d
010   $a   66070586 
015   $aGB66-2247
035 0 $aocm04068776
040   $aSTS$cSTS$dOCL$dUKM$dHLS
050 0 $aBF1031$b.B32
082   $a133.9013
100 1 $aBeard, Paul.
245 10$aSurvival of death :$bfor and against.
260   $aLondon :$bHodder & Stoughton,$c1966.
300   $axi, 177 p. ;$c21 cm.
504   $aBibliography: p. 171-172.
650  0$aSpiritualism.
650  0$aFuture life.
988   $a20020608
906   $0OCLC

