LEADER 00907nam a2200217Ii 4500
001 004000518-6
005 20020606095253.2
008 780724s1846    fr            000 0 fre  
010   $a   29022473 
035 0 $aocm04077896
040   $aDLC$cLUL$dHVL
100 1 $aMolinier, Victor,$d1790-1887.
245 10$aTraité de droit commercial,$bou Explication méthodique de dispositions du Code de commerce, précédé d'une introduction historique.$cPar M. J. V. Molinier ... t. 1 Des actes de commerce, des commerçans, des livres de commerce et de la comptabilité des sociétés commerciales.
260   $aParis :$bJoubert,$c1846.
300   $a3 p. l., 7, clxxxvii, 633 p. ;$c22 1/2 cm.
500   $aNo more published.
500   $a"Bibliographie": p. 1-2 (last group of paging)
500   $aAuthor's full name: Joseph Victor Molinier.
650  0$aCommercial law$zFrance.
988   $a20020608
906   $0DLC

