LEADER 00701nam a2200229I  4500
001 004000519-4
005 20020606095253.2
008 780726s1965    fr            000 0 fre  
010   $a   65068729 
035 0 $aocm04086135
040   $aDLC$cTXR$dHLS
050   $aD548$b.B317
100 1 $aBataille, Victor,$d1887-
245 10$aDes mutineries à la victoire, 1917-1918$c[par] Victor Bataille et Pierre Paul.
260   $aParis,$bR. Laffont$c[1965]
300   $a266 p.$c22 cm.
490 0 $aCollection "L'Histoire que nous vivons"
504   $aBibliography: p. [261]-267.
650  0$aWorld War, 1914-1918$zFrance.
700 1 $aPaul, Pierre,$d1887-$ejoint author.
988   $a20020608
906   $0DLC

