LEADER 02118nam a2200229I  4500
001 004000520-8
005 20020606095253.2
008 780726s1903    pau           000 0 eng d
010   $a   04031291 
035 0 $aocm04087177
040   $aCSM$cCSM$dHLS
050   $aBV1533$b.B4
100 1 $aBeardslee, C. S.$q(Clark Smith),$d1850-1914.
245 10$aTeacher-training with the Master Teacher;$bstudies of Christ in the act of teaching as a means of learning how to teach,$cby Rev. C.S. Beardslee.
260   $aPhiladelphia,$bThe Sunday school times company,$c1903.
300   $a2p,ℓ,7-178p$c20 x 12 cm
505 0 $aTo refine a crude nature -- Winning an alien life -- Defining and defending his mission -- The winning of Peter -- Answering deadly critics -- Dealing with doubt -- Rest under burdens -- Teaching mercy to a Pharisee -- How greed for goods stifles souls -- The logic of trust -- Meaning of a meal with a publican -- True food for immortals -- Ethics and etiquette : which holds primacy? -- True candidates for majesty -- The deeps of forgiveness -- Handling a shifty lawyer -- The full truth concerning prayer -- When pupils lie in ambush -- When pupils push for primacy -- The distasteful bliss -- Eating with outcasts -- Luxury vs. charity : a life choice -- The lure of wealth -- The last first -- Riches and the kingdom : special studies -- Zaccheus -- The stewardship idea -- Is man immortal? -- The cost of glory -- Vine culture and soul culture -- Facing Roman eagles -- Risen, but teaching still -- He was full of truth -- He was full of grace -- He was wholly pure -- He had authority -- He was thoughtful, balanced, simple, replete -- He was intense, ready, brief, intrepid -- He was concrete, manifold, poetic, beautiful -- The whole in brief : his vigor, grandeur, symmetry, kinship.
600 00$aJesus Christ$xTeaching methods.
650  0$aTeaching$xBiblical teaching.
776 08$iOnline version:$aBeardslee, Clark S. (Clark Smith), 1850-1914.$tTeacher-training with the Master Teacher.$dPhiladelphia, Sunday school times Co., 1903$w(OCoLC)894099316
988   $a20020608
906   $0OCLC

