LEADER 01706nam a2200301I  4500
001 004000521-6
005 20120312101756.0
008 780731s1866    maubcj        001 0 eng  
010   $a   01012060 
035 0 $aocm04096349
040   $aDLC$cMEA$dHLS
043   $an-us-ma
050   $aF68.$bB36
100 1 $aBaylies, Francis,$d1783-1852.
245 13$aAn historical memoir of the colony of New Plymouth,$bfrom the flight of the Pilgrims into Holland in the year 1608, to the union of that colony with Massachusetts in 1692.$cBy Francis Baylies. With some corrections, additions, and a copious index, by Samuel G. Drake ...
260   $aBoston,$bWiggin & Lunt,$c1866.
300   $a2 v. :$bfronts., ports., fold. maps, fold. geneal. tab.$c25 cm.
500   $aPublished in 5 parts, each with separate paging.
505 10$gv. 1.$gpt. 1.$tFrom the time of Henry VIII to the end of twenty years from the landing at Plymouth.$gpt. 2.$tFrom 1641 to the commencement of the war with King Philip --
505 80$gv. 2.$gpt.3.$tNarrative of the war with King Philip.$gpt. 4.$tFrom the close of the war in 1677 to the union between Plymouth and Massachusetts.$gpt. 5.$tAdditions and corrections, with analytical index to the whole /$rby Samuel G. Drake.
651  0$aMassachusetts$xHistory$yNew Plymouth, 1620-1691.
655  7$aHistory.$2fast
700 1 $aDrake, Samuel Gardner,$d1798-1875,$eed.
700 1 $aDrake, Samuel Gardner,$d1798-1875,$eeditor.
776 08$iOnline version:$aBaylies, Francis, 1783-1852.$tHistorical memoir of the colony of New Plymouth.$dBoston, Wiggin & Lunt, 1866$w(OCoLC)728957522
700 1 $aDrake, Samuel G.,$d1798-1875,$eeditor.
988   $a20020608
906   $0DLC

