LEADER 01208cam a2200277I  4500
001 004000522-4
005 20070820194521.0
008 780801r18631853maubc         000 0beng  
010   $a   14015505 
035 0 $aocm04100950
040   $aDLC$cBOS$dBOS$dHLS
043   $anwht---
050 0 $aF1923$b.T72
100 1 $aBeard, J. R.$q(John Relly),$d1800-1876.
245 10$aToussaint L'Ouverture:$ba biography and autobiography.
260   $aBoston,$bJ. Redpath,$c1863.
300   $ax, [11]-372 p.$bfront. (port.) fold map.$c19 cm.
500   $aA reprint, with some omissions, of J. R. Beard's Life of Toussaint L'Ouverture, London, 1853.
500   $aPublisher's book-list: p. 367-372.
500   $aAppended are a "Memoir of Toussaint L'Ouverture" (taken from Saint-Remy's "Mémoires du général Toussaint-Louverture, écrits par lui-même", Paris, 1853) and "Notes and testimonies."
600 10$aToussaint Louverture,$d1743?-1803.
651  0$aHaiti$xHistory$yRevolution, 1791-1804.
700 1 $aRedpath, James,$d1833-1891.
776 08$iOnline version:$aBeard, J.R. (John Relly), 1800-1876.$tToussaint L'Ouverture.$dBoston, J. Redpath, 1863$w(OCoLC)867627670
988   $a20020608
906   $0DLC

