LEADER 01189cam a2200265I  4500
001 004000523-2
005 20020606095253.2
008 780803m18361848fr            000 0 frex 
010   $a   29029639 
035 0 $aocm04108112
040   $aDLC$cLUL$dLUL$dOCL$dHVL
100 1 $aProudhon,$cM.$q(Jean Baptiste Victor),$d1758-1838.
245 10$aTraité des droits d'usufruit, d'usage personnel, et d'habitation.$cPar M. Proudhon ...
260   $aDijon,$bV. Legier,$c1836-48.
300   $a7 v.$c21 1/2 cm.
500   $aVols. 1-5: 2. éd. rev., avec une table des matières très complete, 1836 ; v. 6-7 have title: Traité des droits d'usage, servitudes réelles, du droit de superficie et de la jouissance des biens communaux, et des établissements publics; par M. Proudhon ... 3. éd., annotée, augm. et mise en harmonie avec la nouvelle législation sur les foêts, par M. Curasson ... Paris, A. Marescq, 1848.
650  0$aUsufruct.
650  0$aReal property$zFrance.
650  0$aServitudes.
650  0$aEasements.
650  0$aCommons.
650  0$aForestry law and legislation$zFrance.
700 1 $aCurasson,$cM.$q(Jacques),$d1770-1841.
988   $a20020608
906   $0DLC

