LEADER 01088cam a2200289 i 4500
001 004000524-0
005 20070901105638.0
008 780629s1978    it a     bc   000 0 fre  
010   $a   78370085 //r83
015   $aIt78-May
035 0 $aocm04113303
040   $aDLC$cDLC$dHTV
041 0 $afreita
050 0 $aNB623.B35$bA4 1978
082   $a730/.92/4
245 00$aLorenzo Bartolini :$bmostra delle attività di tutela : Prato, Palazzo Pretorio, febbraio-maggio 1978 : la mostra è organizzata nel quadro delle celebrazioni di Lorenzo Bartolini nel bicentenario della nascita, 1777-1977, ed è posta sotto l'alto patronato del Presidente della Repubblica.
260   $aFirenze :$bCentro Di,$c1978.
300   $a303 p. :$bill. ;$c23 cm.
490 1 $aCataloghi ;$v96
500   $aFrench or Italian.
504   $aIncludes bibliographical references.
600 10$aBartolini, Lorenzo,$d1777-1850$vExhibitions.
700 1 $aBartolini, Lorenzo,$d1777-1850.
710 1 $aPrato (Italy).$bMuseo comunale.
830  0$aCat. (Centro Di) ;$v96.
988   $a20020608
906   $0DLC

