LEADER 00793cam a2200229I  4500
001 004000525-9
005 20020606095253.2
008 780808s1910    ag e          000 0 spa  
010   $a   11019562 
035 0 $aocm04120204
040   $aDLC$cFXG$dOCL$dHLS
050   $aF3001$b.B38
100 2 $aBeccar Varela, Adrian.
245 10$aPlazas y calles de Buenos Aires,$bsignificación histórica de sus nombres,$cpor Adrián Beccar Varela y Enrique Udaondo.
260   $aBuenos Aires,$bTalleres gráficos de la Penitenciaría Nacional,$c1910.
300   $a2 v.$bplans (part fold.)$c24 cm.
650  0$aStreets$zArgentina$zBuenos Aires.
651  0$aBuenos Aires (Argentina)$xBiography.
651  0$aArgentina$xBiography.
700 1 $aUdaondo, Enrique,$d1880-
988   $a20020608
906   $0DLC

