LEADER 00992cam a2200253Ii 4500
001 004000526-7
005 20070901105638.0
008 780809s1923    gw af    b    000 0 ger d
035 0 $aocm04123410
040   $aWTU$cWTU$dHTV
043   $af-ua---
050  4$aNB165.N4$bB59
100 1 $aBorchardt, Ludwig,$d1863-1938.
245 10$aPorträts der Königin Nofret-ete aus den Grabungen 1912/13 in Tell el-Amarna /$c[beschrieben und erläutert von Ludwig Borchardt].
260   $aLeipzig :$bHinrichs,$c1923.
300   $a1 portfolio (40 p., [6] leaves of plates :$bill.) ;$c37 cm.
440  0$aAusgrabungen der Deutschen Orient-Gesellschaft in Tell el-Amarna,$v3
440  0$aWissenschaftliche Veröffentlichung der Deutschen Orient-Gesellschaft,$v44.
504   $aIncludes bibliographical references.
600 00$aNefertete,$cQueen of Egypt,$dactive 14th century B.C.$xPortraits.
651  0$aTell el-Amarna (Egypt)
651  0$aEgypt$xAntiquities.
988   $a20020608
906   $0OCLC

