LEADER 00752cam a2200217Ii 4500
001 004000527-5
005 20020606095253.2
008 780811s1957    enkab         000 0 eng d
035 0 $aocm04129132
040   $aIAI$cIAI$dOCL$dHLS
043   $ae-uk-en
090   $aDA690.W84$bB43
100 1 $aBedford, John Robert Russell,$cDuke of,$d1917-
245 14$aThe history and treasures of Woburn Abbey :$bhome of the dukes of Bedford for nearly 300 years /$c[by the Duke of Bedford].
260   $aLondon :$bPitkin Pictorials,$c[1957?]
300   $a24 p. :$bill., maps ;$c23 cm.
440  0$aPride of Britain books
500   $a"A brief history of Woburn Abbey and the Russell family": p. 20-24.
610 20$aWoburn Abbey.
988   $a20020608
906   $0OCLC

