LEADER 00905nam a2200301 i 4500
001 004000528-3
005 20120926102423.0
008 780721s1978    it af    b    000 0 ita  
010   $a   78373648 
015   $aIt78-June
020   $cL5000
020   $cL5000
035 0 $aocm04131631
040   $aDLC$cDLC$dHTV
050 0 $aNA105$b.C27
050 0 $aNA105$b.C27 1978
100 1 $aCantone, Gaetana.
245 13$aLa città di marmo :$bda Alberti a Serlio la storia tra progettazione e restauro /$cGaetana Cantone.
260   $aRoma :$bOfficina,$c1978.
300   $a158 p., 40 leaves of plates :$bill. ;$c24 cm.
490 1 $aOfficina tre ;$v7
500   $aQuarta ristampa.
504   $aIncludes bibliographical refeences.
650  0$aArchitecture$xConservation and restoration.
650  0$aArchitecture$xPhilosophy.
830  0$aOfficina tre ;$v7.
988   $a20020608
906   $0DLC

