LEADER 01079nam a2200277I  4500
001 004000530-5
005 20070901105638.0
008 780829s1905    gw af    b    001 0 ger  
010   $a   06021920 
035 0 $aocm04175030
040   $aDLC$cKKU$dHTV
043   $ae------
050 0 $aGT5897$b.H6
050 0 $aGT5897$b.H6 1905
100 1 $aHoops, Johannes,$d1865-1949.
245 10$aWaldbäume und Kulturpflanzen im germanischen Altertum.$cVon Johannes Hoops ... Mit acht abbildungen im text und einer tafel.
260   $aStrassburg,$bK. J. Trübner,$c1905.
300   $a3 p. l., [v]-xvi, 689 p.$billus., pl.$c23 cm.
504   $aBibliographical foot-notes; short bibliographies at head of most of the sections.
650  0$aGermanic peoples$xAgriculture.
650  0$aPlants, Cultivated$zEurope.
650  0$aPlants, Cultivated$xHistory.
655  7$aHistory.$2fast
776 08$iOnline version:$aHoops, Johannes, 1865-$tWaldbäume und Kulturpflanzen im germanischen Altertum.$dStrassburg, K.J. Trübner, 1905$w(OCoLC)574971346
988   $a20020608
906   $0DLC

