LEADER 01096nam a2200217I  4500
001 004000531-3
005 20020606095253.2
008 780829s1561    it            000 0 ita  
010   $a   54051151 
035 0 $aocm04175851
040   $aDLC$cVTS$dHVL
050 0 $aPA3665.Z5$bN3
100 1 $aNannini, Remigio,$d1521?-1581?,$eed.
245 10$aOrationi in materia civile e criminale,$btratte da gli historici greci, e latini, antichi, e moderni,$craccolte, e tradotte per M. Remigio Fiorentino; con gli argomenti a ciascuna oratione, per maggiore intelligenza di quanto si contiene in esse, e con gli effetti che seguirono da dette orationi. Nelle qvali, oltre alla cognitione dell'histoire, s'ha nototia di gouerni di stati, e di republiche, d'accusare, e difender rei, e di molte altre cose utili a ciascuno, ch'attende alla uita ciuile.
260   $aVinegia,$bG. Giolito de'Ferrari,$c1561.
300   $a483 p.$c23 cm.
650  0$aClassical orations$xTranslations into Italian.
650  0$aSpeeches, addresses, etc., Italian.
650  0$aForensic orations.
988   $a20020608
906   $0DLC

