LEADER 01071cam a22002891  4500
001 004000532-1
005 20020606095253.2
008 780116s1844    hu            000 0 lat  
010   $a   75226947 //r90
035 0 $aocm04195860
040   $aDLC$cDLC$dHVL
043   $ae-hu---
050 00$aKKR4951.3$b.N34 1844
100 1 $aNagy, Ladislaus,$d1776-1836.
245 10$aJus Transsilvanico-Saxonicum,$cauctore Ladislao quondam Nagy. Editum per Leopoldum Nagy.
260   $aTilsch :$c1844 [cover 1845]
300   $a216, xxxix p. ;$c21 cm.
500   $a"Syntagma certarum contrarietatum et dubietatum, e statutis jurium municipalium Saxonum in Transsilvania desumtarum et resolutarum": p. [i]-xxxix.
650  0$aLaw$zRomania$zTransylvania.
650  0$aLaw, Saxon.
650  0$aGermans$zRomania$zTransylvania.
650  0$aCivil law$zRomania$zTransylvania.
650  0$aGermans$xLegal status, laws, etc.$zRomania$zTransylvania.
700 1 $aNagy, Leopold,$d1816-1854,$eed.
700 1 $aNagy, Leopold,$d1816-1854,$eeditor.
988   $a20020608
906   $0DLC

