LEADER 00921nam a2200253I  4500
001 004000533-X
005 20070901105639.0
008 780907s1909    stkaf         001 0 eng  
010   $a   10009085 
035 0 $aocm04204904
040   $aDLC$cIAY$dIAY$dHTV
043   $af-ua---
050 0 $aN5350$b.P45
050 0 $aN5350$b.P45 1909
100 1 $aPetrie, W. M. Flinders$q(William Matthew Flinders),$cSir,$d1853-1942.
245 14$aThe arts & crafts of ancient Egypt,$cby W. M. Flinders Petrie.
260   $aEdinburgh,$bT. N. Foulis,$c1909.
300   $axv, 157 p.$bfront., illus., 46 plates.$c20 cm.
650  0$aArt, Egyptian.
650  0$aArt objects, Egyptian.
650  0$aDecorative arts$zEgypt.
776 08$iOnline version:$aPetrie, W.M. Flinders (William Matthew Flinders), Sir, 1853-1942.$tArts & crafts of ancient Egypt.$dEdinburgh, T.N. Foulis, 1909$w(OCoLC)565521910
988   $a20020608
906   $0DLC

