LEADER 01067cam a22002771  4500
001 004000534-8
005 20020606095253.2
008 780314s1847    gw       b    000 0 ger  
010   $a   75536427 //r89
015   $aGDB***
035 0 $aocm04211455
040   $aDLC$cDLC$dHVL
043   $ae-gx---
050 00$aKK397$b.P43 1847
100 1 $aPfeifer, K.
245 14$aDie Lehre von den juristischen Personen nach gemeinem und würtembergischen Rechte,$cvon K. Pfeifer.
260   $aTübingen,$bLaupp,$c1847.
300   $ax, 169 p.
500   $aPhoto-offset. Frankfurt a. M., F. Keip, 1970. 21 cm.
504   $aIncludes bibliographical references.
520   $aBound with : Salkowski, Karl. "Bemerkungen zur Lehre von den juristischen Personen." Leipzig, Tauchnitz, 1863.
650  0$aJuristic persons$zGermany.
650  0$aJuristic persons (Roman law)
776 08$iOnline version:$aPfeifer, K.$tLehre von den juristischen Personen nach gemeinem und würtembergischen Rechte.$dTübingen, Laupp, 1847$w(OCoLC)799697152
988   $a20020608
906   $0DLC

