LEADER 00826nam a2200217I  4500
001 004000535-6
005 20070901105639.0
008 780912s1925    gw a     b    001 0 ger c
010   $aa  39001048 
035 0 $aocm04218014
040   $aNew York univ. Wash. sq. library.$cIWA$dHTV
050 0 $aND623.C2$bH3
050 0 $aND623.C2$bH3 1925
100 1 $aHausenstein, Wilhelm,$d1882-1957.
245 14$aDas werk des Vittore Carpaccio, ausgewewählt und dargestellt von Wilhelm Hausenstein. Mit 41 abbildungen im text und 77 tafeln.
260   $aStuttgart,$aBerlin and$aLeipzig,$bDeutsche verlags-anstalt,$c1925
300   $a4 p. ℓ., 164 p., 7 ℓ. front.,$billus., 76 pl. (3 double)$c26 cm.
500   $a"Einiges aus der literatur": p. 158-161.
600 10$aCarpaccio, Vittore,$d1455?-1525?
988   $a20020608
906   $0OCLC

