LEADER 00985nam a2200241I  4500
001 004000536-4
005 20020606095253.2
008 780913s1954    alu           000 0 eng  
010   $a   54060844 
035 0 $aocm04219632
040   $aDLC$cKSU$dHLS
043   $ae-ur---
050   $aHV6295.R9$bB3
100 1 $aBauer, Raymond Augustine,$d1916-
245 10$aArrest in the Soviet Union.
260   $aMaxwell Air Force Base, Ala.,$bAir Research and Development Command, Human Resources Research Institute,$c1954.
300   $avii, 42 p.$btables.$c27 cm.
410 10$aUnited States.$bHuman Resources Institute.$tResearch memorandum$vno.30
650  0$aArrest$zSoviet Union.
650  0$aInternal security$zSoviet Union.
776 08$iOnline version:$aBauer, Raymond Augustine, 1916-1977.$tArrest in the Soviet Union.$dMaxwell Air Force Base, Ala. : Air Research and Development Command, Human Resources Research Institute, 1954$w(OCoLC)654238840
988   $a20020608
906   $0DLC

