LEADER 01377nam a2200301I  4500
001 004000537-2
005 20020606095253.2
008 780914s1609    enk      d    000 0 eng  
010   $a   23000445 
035 0 $aocn320123140
035 0 $aocm04222243
040   $aDLC$cIBC$dHVL
043   $ae-uk---
050 0 $aKD313$b.R38
100 1 $aRastell, John,$d-1536.
245 13$aAn Exposition of Certaine difficult and obscure words,$band Termes of the lawes of this Realme. Newly amended and augmented, both in French and English, for the helpe of such young Students as are desirous to attaine to the knowlege of the same.
260   $aLondon,$bPrinted for the Company of Stationers,$c1609.
300   $a4 p. l., 196 numb. l.$c14 cm.
500   $aSignatures: A-Z⁸, Aa-Bb⁸.
500   $aIrregularities in paging.
500   $aEnglish and French in parallel columns.
500   $aAt foot of t. p. : Cum priulegio.
500   $aOriginally composed in French, l527, with a Latin title "Expositiones terminorũ legum anglorũ." The authorship and translation ascribed variously to John and William Rastell. cf. Ames, Typographical antiquities; Dict. nat. biog.; Marvin Legal bibliography; Brit. mus. catalogue; etc.
650  0$aLaw$vDictionaries.
650  0$aLaw$zGreat Britain.
700 1 $aRastell, William,$d1508?-1565.
988   $a20020608
906   $0DLC

