LEADER 00707cam a2200205I  4500
001 004000538-0
005 20020606095253.2
008 780921m18351839mx       b    000 0 spa  
010   $a   24021226 
035 0 $aocm04242782
040   $aDLC$cGZN$dCLU$dHVL
090   $aKGF2579$b.P46 1835
100 2 $aPeña y Peña, Manuel de la,$d1789-1850.
245 10$aLecciones de práctica forense mejicana,$cescritas á beneficio de la Academia Nacional de Derecho Publico y Privado de Méjico, por Manuel de la Peña y Peña.
260   $aMéjico,$bImpr. á cargo de J. Ojeda,$c1835-39.
300   $a4 v.$c20-21 cm.
650  0$aCivil procedure$zMexico.
650  0$aCourts$zMexico.
988   $a20020608
906   $0DLC

