LEADER 01004cam a2200253I  4500
001 004000539-9
005 20020606095253.2
008 780922s1962    nyua          000 0 eng  
010   $a   62020153 /L
035 0 $aocm04245056
040   $aDLC$cYGM$dXBM$dHLS
043   $an-us-ny
050   $aF127.S9$bB3 1962
082   $a974.725
100 1 $aBayles, Richard M.$q(Richard Mather)
245 10$aHistorical and descriptive sketches of Suffolk County, with a historical outline of Long Island.
260   $aPort Washington, N.Y.,$bI. J. Friedman,$c1962.
300   $a424, ix p.$billus.$c22 cm.
490 1 $aEmpire State historical publication,$v17
651  0$aSuffolk County (N.Y.)$xHistory.
651  0$aLong Island (N.Y.)$xHistory.
776 08$iOnline version:$aBayles, Richard M. (Richard Mather).$tHistorical and descriptive sketches of Suffolk County, with a historical outline of Long Island.$dPort Washington, N.Y., I.J. Friedman, 1962$w(OCoLC)654239881
988   $a20020608
906   $0DLC

