LEADER 00991cam a2200277Ii 4500
001 004000541-0
005 20070428115434.0
008 911023s1773    fr      s     000 0bfre d
035 0 $aocm24608421
035 0 $aocm04282229
040   $aDLM$cDLM$dBOS$dHVL
050  4$aDC130.C6$bN33
090   $aHB161$b.G64 no. 10954
090   $aDC130.C6$bN33
100 1 $aNecker, Jacques,$d1732-1804.
245 10$aEloge de Jean-Baptiste Colbert :$bdiscours qui a remporté le prix de l'Académie françoise, en 1773 ...
260   $aParis :$bJ. B. Brunet,$c1773.
300   $a[8], 135 p. ;$c19 cm.
500   $aTitle vignette, head and tail-pieces.
500   $aCioranescu 47904.
500   $aGoldsmiths'-Kress no. 10954.
600 10$aColbert, Jean Baptiste,$d1619-1683.
776 08$iOnline version:$aNecker, Jacques, 1732-1804.$tEloge de Jean-Baptiste Colbert.$dParis : J.B. Brunet, 1773$w(OCoLC)875121852
830  0$aMaking of the Modern World.$5net
988   $a20020608
906   $0OCLC

