LEADER 00476nam a2200181I  4500
001 004000542-9
005 20020606095253.2
008 781012s1932    nyu           000 0 eng  
010   $a   32002124 
035 0 $aocm04288253
040   $aDLC$cCLU$dHLS
050 0 $aPZ3$b.B38997Br
100 1 $aBedford, Ethelda.
245 10$aBroadway bride,$cby Ethelda Bedford.
260   $aNew York,$bGrosset & Dunlap,$c[c1932]
300   $a3 p. l., 271 p.$c20 cm.
988   $a20020608
906   $0DLC

