LEADER 00877cam a2200229I  4500
001 004000543-7
005 20090712174407.0
008 781016s1927    enkf          000 0 eng  
010   $a   28009998 
035 0 $aocm04294423
040   $aDLC$cDRU$dSER$dHTV$dMH-FA
050 0 $aNC1045$b.P3
050 0 $aNC1045$b.P3 1927
100 1 $aParker, K. T.$q(Karl Theodore),$d1895-1992.
245 10$aNorth Italian drawings of the quattrocento,$cby K.T. Parker; with seventy-two illustrations in collotype.
260   $aLondon,$bE. Benn, limited,$c1927.
300   $a36 p., 1 ℓ.$b72 pl. on 36 ℓ.$c26 cm.
490 0 $a[Drawings of the great masters]
650  0$aDrawing, Italian.
776 08$iOnline version:$aParker, K.T. (Karl Theodore), 1895-1992.$tNorth Italian drawings of the quattrocento.$dLondon, E. Benn, limited, 1927$w(OCoLC)609239269
988   $a20020608
906   $0DLC

