LEADER 01347cam a2200337Ia 4500
001 004000545-3
005 20071213125458.0
008 781020s1827    pau           000 0 eng d
035 0 $aocn786354258
035 0 $aocm04308727
040   $aPCP$cPCP$dHLS$dHMM
050 14$aRM121$b.B3
060 00$aQV$bB297o 1827
060 00$aFilm 8338
100 1 $aBarton, William P. C.$q(William Paul Crillon),$d1786-1856.
245 10$aOutlines of lectures on materia medica and botany :$bdelivered in Jefferson Medical College, Philadelphia /$cby William P. C. Barton.
246 1 $iHalf title, v. 1:$aText book for the medical students of Jefferson College, attending the lectures of the professor of materia medica and botany, third session, 1827-8
260   $aPhiladelphia :$bJ.G. Auner,$c1827.
300   $a2 v. ;$c18 cm.
504   $aIncludes bibliographical references.
650  0$aMateria medica.
650  0$aBotany, Medical.
650 12$aMateria Medica.
650 22$aCurriculum.
650 22$aPhytotherapy.
650 22$aPlants, Medicinal.
710 2 $aJefferson Medical College.
776 08$iAlso issued on microfilm.$d[Bethesda, Md.] : National Library of Medicine, 1999.$h1 microfilm reel : negative ; 35 mm.
830  0$aOpen Collections Program at Harvard University.$pContagion.$5net
988   $a20020608
906   $0OCLC

