LEADER 00883nam a2200289I  4500
001 004000546-1
005 20020606095253.2
008 781023s1942    cs fc         000 0aeng  
010   $a   44027193 
035 0 $aocm04313233
040   $aDLC$cKKU$dHLS
043   $ae-cs---
050 0 $aHD9787.C98$bB3
100 1 $aBatʾa, Tomáš,$d1876-1932.
245 10$aHow I began,$ctranslated by Jan Baros; foreword by John F. Bartos.
250   $a2d ed.
260   $aBatanagar,$bClub for graduates of Bata School,$c1942.
300   $a332 p.$bplates, ports.$c26 cm.
500   $aAt head of title: Thomas Bata.
600 10$aBaťa, Tomáš,$d1876-1932.
650  0$aIndustrialists$zCzechoslovakia$vBiography.
650  0$aFootwear industry.
655  7$aBiography.$2fast
700 1 $aBaros̆, Jan,$etr.
700 1 $aBaros̆, Jan,$etranslator.
988   $a20020608
906   $0DLC

