LEADER 00812nam a2200229I  4500
001 004000547-X
005 20020606095253.2
008 781024s1908    enkj     b    000 0 eng  
010   $a   09022575 
035 0 $aocm04316837
040   $aDLC$cIPL$dHLS
050 0 $aDA447.T2$bB4
100 1 $aBeaven, Murray Lowthian Randolph.
245 10$aSir William Temple;$bthe Gladstone essay, 1908,$cby Murray L. R. Beaven.
260   $aOxford,$bB. H. Blackwell,$c1908.
300   $a130 p.$bgeneal. table$c19 cm.
504   $aIncludes bibliographical references.
600 10$aTemple, William,$cSir,$d1628-1699.
600 10$aTemple, William,$d1628-1699.
776 08$iOnline version:$aBeaven, Murray Lowthian Randolph.$tSir William Temple.$dOxford, B.H. Blackwell, 1908$w(OCoLC)583146415
988   $a20020608
906   $0DLC

