LEADER 01168cam a2200301I  4500
001 004000549-6
005 20020606095253.2
008 781030s1881    mau           001 0 eng d
035 0 $aocm04328838
040   $aFSL$cFSL$dHLS
043   $ae-uk---
050  4$aKD810$b.A3 1881
090   $aKD810$b.A3 1881
110 1 $aGreat Britain.
245 12$aA collection of important English statutes,$bshowing the principal changes in the law of property; together with some other enactments of common references.
260   $aBoston,$bSoule & Bugbee,$c1881.
300   $a128 p.,$c26 cm.
500   $aIncludes index.
650  0$aProperty$zGreat Britain.
700 1 $aBaylies, Edmund Lincoln,$d1857-1932,$eed.
700 1 $aParker, Edmund Morley,$d1856-1894,$ejoint ed.
700 1 $aBolles, Frank,$d1856-1894,$ejoint ed.
700 1 $aBaylies, Edmund Lincoln,$d1857-1932,$eeditor.
700 1 $aParker, Edmund Morley,$d1856-1894,$eeditor.
700 1 $aBolles, Frank,$d1856-1894,$eeditor.
776 08$iOnline version:$aGreat Britain.$tCollection of important English statutes.$dBoston, Soule & Bugbee, 1881$w(OCoLC)798328120
988   $a20020608
906   $0OCLC

