LEADER 00795cam a2200217I  4500
001 004000551-8
005 20020606095253.2
008 781101s1859    fr            000 0 fre  
010   $a   44052983 
035 0 $aocm04338934
040   $aDLC$cCLE$dOCL$dHLS
050   $aDS123$b.B39 1859
100 1 $aBédarride, J.$q(Jassuda),$d1804-1882.
245 04$aLes Juifs en France, en Italie et en Espagne;$brecherches sur leur état depuis leur dispersion jusqu'à nos jours sous le rapport de la législation, de la littérature et du commerce$cpar I. Bédarride.
260   $aParis,$bM. Lévy frères,$c1859.
300   $a1 p. ℓ, vii, 602 p. 1 ℓ.$c23 cm.
650  0$aJews$zFrance$xHistory.
650  0$aJews$zItaly$xHistory.
650  0$aJews$zSpain$xHistory.
988   $a20020608
906   $0DLC

