LEADER 00927nam a2200241Ii 4500
001 004000552-6
005 20020606095253.2
008 781106s1895    gw a          001 0 ger d
035 0 $aocm04348162
040   $aGZM$cGZM$dHLS
060 00$aWBH$bB387h 1895
060 00$aFilm 8425 no. 2
090   $aQC861$b.B42
100 1 $aBebber, W. J. van$q(Wilhelm Jacob van),$d1841-1909.
245 10$aHygienische Meteorologie für Ärzte und Naturforscher /$cvon W. J. van Bebber.
260   $aStuttgart :$bF. Enke,$c1895.
300   $ax, 330 p. :$bill. ;$c24 cm.
500   $aIncludes index.
650  0$aMeteorology.
776 08$iAlso issued on microfilm.$d[Bethesda, Md.] : National Library of Medicine, 1998.$h1 microfilm reel : negative ; 35 mm.
776 08$iOnline version:$aBebber, W. J. van.$tHygienische Meteorologie für Ärzte und Naturforscher.$dStuttgart, Enke, 1895$w(OCoLC)894185537
988   $a20020608
906   $0OCLC

