LEADER 00918nam a2200217I  4500
001 004000553-4
005 20020606095253.2
008 781107s1785    it b          000 0 ita d
035 0 $aocm04351515
040   $aMNU$cMNU$dHLS
043   $ae-ur-ru
100 1 $aBecattini, Francesco.
245 10$aStoria della Crimea, piccola Tartaria;$bed altre provincie circonvicine, soggetto delle recenti vertenze tra la Russia e la porta Ottomana ...$cIllustrata con una recentissima carta geografica miniata ad uso di Olanda, di Francesco Becattini.
260   $aVenezia,$bPresso L. Bassaglia,$c1785.
300   $a132 p.$bfold., col. map.$c21 cm.
500   $aAnother ed. published under title: Istoria della piccola Tartaria, penisola di Crimea, ... Napoli, 1783.
500   $aIncludes document dated 1784. Cf. p. 119-123.
650  0$aCrimean Tatars.
651  0$aCrimea (Ukraine)$xHistory.
988   $a20020608
906   $0OCLC

