LEADER 00556nam a2200193Ii 4500
001 004000554-2
005 20020606095253.2
008 781107s1969    nkc           000 0 eng d
035 0 $aocm04352415
040   $aEEM$cEEM$dHLS
090   $aPR9199.3.B38$bC6x
100 1 $aBauer, William A.,$d1932-
245 10$aCornet music for Plupy Shute /$cWilliam A. Bauer.
260   $aFredericton, N.B. :$bUniversity of New Brunswick,$c[1969?]
300   $a26 p. ;$c22 cm.
440  2$aA New Brunswick chapbook ;$vv.4
500   $aPoems.
988   $a20020608
906   $0OCLC

