LEADER 00810nam a2200217I  4500
001 004000555-0
005 20020606095253.2
008 781108s1952    alu           000 0 eng  
010   $a   54063226 
035 0 $aocm04355264
040   $aDLC$cIQU$dHLS
050 0 $aDK268.3$b.B33
100 1 $aBauer, Raymond Augustine,$d1916-
245 14$aThe developmental history of the political attitude[s] of individuals toward the Soviet regime.
260   $aMaxwell Air Force Base, Ala.,$bAir University, Human Resources Research Institute,$c1952.
300   $a3, 71 ℓ.$c28 cm.
410 10$aUnited States.$bHuman Resources Research Institute,$tTechnical research report$vno. 6
650  0$aNational characteristics, Russian.
651  0$aSoviet Union$xPolitics and government$y1936-
988   $a20020608
906   $0DLC

