LEADER 00994nam a2200217I  4500
001 004000556-9
005 20020606095253.2
008 781110s1872    enk           000 0 eng c
010   $aa  17001272 
035 0 $aocm04364700
040   $aTitle from Univ. of Chicago$cBXM$dHLS
050 0 $aDA20$b.C17 n.s., vol. 4
100 1 $aBedell, William,$d-1670.
245 12$aA true relation of the life and death of the Right Reverend father in God William Bedell,$blord bishop of Kilmore in Ireland.$cEd. from a ms. in the Bodleian library, Oxford, and amplified with genealogical and historical chapters, comp. from original sources, by the representative of the bishop's mother's family of Elliston, Thomas Wharton Jones.
260   $a[Westminster]$bPrinted for the Camden society,$c1872.
300   $axvii, 268 p.$c22 cm.
490 0 $aCamden society. Publications, n.s., IV
600 10$aBedell, William,$d1571-1642.
700 1 $aJones, Thomas Wharton,$d1808-1891.
988   $a20020608
906   $0OCLC

