LEADER 00641nam a2200229I  4500
001 004000557-7
005 20020606095253.2
008 781111s1963    gw       b    000 0 ger  
010   $a   67121352 
035 0 $aocm04365298
040   $aDLC$cTJC$dHLS
050 0 $aB29$b.B34
100 1 $aBecker, Oskar,$d1889-1964.
245 10$aDasein und Dawesen;$bgesammelte philosophische Aufsätze.
260   $a[Pfullingen]$bNeske$c[1963]
300   $a191 p.$c21 cm.
500   $aOn spine: Philosophische Aufsätze.
504   $aIncludes bibliographical references.
650  0$aPhilosophy.
650  0$aOntology.
988   $a20020608
906   $0DLC

