LEADER 00857cam a2200253I  4500
001 004000558-5
005 20070901105639.0
008 781111s1936    it            000 0 ita  
010   $a   38001119 
035 0 $aocm04365309
040   $aDLC$cCLE$dHTV
050   $aNB623.B35$bT5
050   $aNB623.B35$bT5 1936
082   $a927.3$a[735.0945]
100 1 $aTinti, Mario,$d1885-1938.
245 00$aLorenzo Bartolini,$ccon prefazione di Romano Romanelli.
260   $aRoma,$bReale accademia d'Italia,$c1936.
300   $a2 v.$bfront. (port.) illus. (incl. facsims.) CIX pl. (part fold.) on 61 ℓ.$c24 cm.
490 0 $aReale accademia d'Italia. Artisti italiani dell' ottocento. 2
500   $a"Indice delle tavole" on folded leaves.
504   $aIncludes bibliographies.
600 10$aBartolini, Lorenzo,$d1777-1850.
988   $a20020608
906   $0DLC

