LEADER 00726nam a2200193Ii 4500
001 004000559-3
005 20071217192029.0
008 781114s1846    it            000 0 lat d
035 0 $aocm04369788
040   $aIAC$cIAC$dHLS
100 0 $aBede,$cthe Venerable, Saint,$d673-735.
245 10$aHistoria ecclesiastica gentis Anglorum ;$bcum Opusculis quibusdam et epistola Bonifacii ad Cudbertum archiepiscopum /$cCura Roberti Hussey, B. D.
260   $aOxonii :$bE Typographeo Academico,$c1846.
300   $axiv, 365 p. ;$c22.5 cm.
651  0$aGreat Britain$xChurch history.
700 0 $aBoniface,$cSaint, Archbishop of Mainz,$dapproximately 675-754.
700 1 $aHussey, Robert,$d1801-1856,$eed.
988   $a20020608
906   $0OCLC

