LEADER 00784cam a2200241Ii 4500
001 004000560-7
005 20060622101034.0
008 781122s1804    nhu    b      000 0 eng  
010   $a   11003291 //r
035 0 $aocm15435831
035 0 $aocm04395313
040   $aDLC$cFUB$dHVL
090   $aKF8935$b.P4 1804
100 1 $aPeake, Thomas,$d1771-1838.
245 12$aA compendium of the law of evidence /$cby Thomas Peake.
260   $aWalpole, N.H. :$bPublished by Thomas & Thomas,$c1804.
300   $axvi (i.e. xiv), 199 p. ;$c22 cm.
500   $aError in paging: p. v-vi omitted in numbering.
650  0$aEvidence (Law)$zGreat Britain.
830  0$a19th-century legal treatises ;$vno. 75171-75173.$5law
830  0$aMaking of modern law$5net
988   $a20020608
906   $0DLC

