LEADER 00949nam a2200289I  4500
001 004000561-5
005 20020606095253.2
008 781124s1543    xx            000 0 ita  
010   $a   57054777 
035 0 $aocm04397056
040   $aDLC$cCLE$dHHG
050   $aPC1620$b.A7 1543
100 1 $aAlunno, Francesco,$d-1556.
245 13$aLe ricchezze della lingva volgare.
246 3 $aRiccezze della lingua volgare
260   $aVinegia$b[In casa de figlivoli di Aldo]$c1543.
300   $a225 p.$c33 cm.
500   $aColophon: In casa de figlivoli de Aldo, in Vinegia, nell'anno M.D.XXXIII.
500   $aPrinters' mark on t.-p. & verso of last leaf.
600 10$aBoccaccio, Giovanni,$d1313-1375$xConcordances.
650  0$aItalian language$xDictionaries.
655  7$aConcordances.$2fast
655  7$aDictionaries.$2fast
710 2 $aCasa de figiuoli di Aldo,$eprinter.
752   $aItaly$dVenice.
988   $a20020608
906   $0DLC

