LEADER 00591cam a2200193I  4500
001 004000562-3
005 20090130123347.0
008 781201s1917    enk           001 0 eng  
010   $a   17020973 
035 0 $aocm04412519
040   $aDLC$cEEM$dSER$dHLS
050 0 $aD118$b.B4
100 1 $aBeazley, C. Raymond$q(Charles Raymond),$d1868-1955.
245 12$aA note-book of mediaeval history, A.D. 323-A.D. 1453,$cby Raymond Beazley ...
260   $aOxford,$bThe Clarendon Press,$c1917.
300   $a1 p. ℓ., [v]-viii, 224 p.$c19 cm.
650  0$aMiddle Ages.
988   $a20020608
906   $0DLC

