LEADER 01244cam a2200289I  4500
001 004000563-1
005 20020606095253.2
008 781204s1637    enk           000 0 eng  
010   $a   39011364 
035 0 $aocm04417842
035 0 $aocm04417842$zocm15936991
040   $aDLC$cCIN$dCIN$dOCL$dHVL
090   $aBX5176$b.P7 1637
100 1 $aPrynne, William,$d1600-1669.
245 12$aA breviate of the prelates intollerable usurpations,$bboth upon the Kings prerogative royall, and the subjects liberties ...$cPublished by W. Hvntley, esquier.
246 3 $aBriefe instructions for churchwardens and others.
250   $aEd. 3. much enl.
260   $a[London]$c1637.
300   $a325, [4] p.$c19 cm.
500   $aEpistle dedicatory signed: W. Huntly.
500   $a"Briefe instructions for churchwardens and others to observe in all episcopall or archdiaconall visitations and spiritual courts": [4] p. at end. (Wanting in U.C.'s copy)
610 20$aChurch of England$xBishops$xTemporal power.
650  0$aPrerogative, Royal$zGreat Britain.
651  0$aGreat Britain$xHistory$yCharles I, 1625-1649$xSources.
700 1 $aPrynne, William,$d1600-1669.$tBriefe instructions for churchwardens.
988   $a20020608
906   $0DLC

