LEADER 00842nam a2200241I  4500
001 004000564-X
005 20110616084249.0
008 781206s1963    maua     b    000 0 eng c
010   $aa  65000462 
035 0 $aocm04425706
040   $aHLS$cUUM$dHLS
050 0 $aQL1$b.H3 vol.130, no.2
100 1 $aBeerbower, James R.$q(James Richard)
245 10$aMorphology, paleoecology, and phylogeny of the Permo-Pennsylvania amphibian Diploceraspis.
260   $aCambridge,$bThe Museum,$c1963.
300   $a[31]-108p.$billus.$c24cm.
490 1 $aBulletin of the Museum of Comparative Zoology at Harvard College,$vv.130, no.2
504   $aBibliography: p.107-108.
650  0$aDiploceraspis.
650  0$aPaleontology$yCarboniferous.
830  0$aBulletin of the Museum of Comparative Zoology ;$vv. 130, no.2.
988   $a20020608
906   $0MH

