LEADER 00732nam a2200217I  4500
001 004000565-8
005 20071015202603.0
008 781206s1926    fr            000 0 fre  
010   $a   26021479 
035 0 $aocm04425878
040   $aDLC$cCRU$dHTV
050 0 $aNC1135.I5$bA33
050 0 $aNC1135.I5$bA33 1926
100 1 $aIngres, Jean-Auguste-Dominique,$d1780-1867.
245 10$aIngres,$bdessinateur des antiques, d'après un album inédit,$crecueilli par Boyer d'Agen.
260   $aParis,$bDelagrave,$c[1926.]
300   $axvi p.$b48 pl. on 24 ℓ.$c17 x 25 cm.
600 10$aIngres, Jean-Auguste-Dominique,$d1780-1867.
700 2 $aBoyer d'Agen, Jean Auguste Boyé,$ccalled Augustin,$d1859-
988   $a20020608
906   $0DLC

