LEADER 01298nam a2200337I  4500
001 004000566-6
005 20071015202604.0
008 781211s1956    enka     b    001 0 eng  
010   $a   56014553 
015   $aGB56-12336
035 0 $aocm04440100
040   $aDLC$cPAU$dUKM$dHTV
043   $af-ua---
050   $aDT73.S3$bG5 1956a
050   $aDT73.S3$bG5 1956
082   $a913.32
100 1 $aGoneim, M. Zakaria$q(Mohammed Zakaria)
245 14$aThe buried pyramid.
260   $aLondon,$aNew York,$bLongmans, Green$c[1956]
300   $a155 p.$billus.$c23 cm.
500   $aAmerican ed. (New York, Rinehart) has title: The lost pyramid.
504   $aIncludes bibliographical references (pages 148-150) and index.
600 00$aSekhem-khet,$cKing of Egypt.
650  0$aPyramids.
651  0$aṢaqqārah (Egypt)$xAntiquities.
651  0$aEgypt$xKings and rulers$xTombs.
700 1 $aGoneim, M. Zakaria$q(Mohammad Zakaria).$tLost pyramid.
776 08$iOnline version:$aGoneim, M. Zakaria (Mohammad Zakaria).$tBuried pyramid.$dLondon ; New York : Longmans, Green, 1956$w(OCoLC)601029542
776 08$iOnline version:$aGoneim, M. Zakaria (Mohammad Zakaria).$tBuried pyramid.$dLondon ; New York : Longmans, Green, 1956$w(OCoLC)608585287
988   $a20020608
906   $0DLC

