LEADER 00676nam a2200217I  4500
001 004000568-2
005 20061002144119.0
008 781213s1953    uy            000 0 spa  
010   $a   56029838 //r
035 0 $aocm04449598
040   $aDLC$cLDL$dHLS
050 0 $aJL3615 1953$b.B3
100 1 $aBauzá, Francisco,$d1849-1899.
245 10$aEstudios constitucionales.$cPrólogo de Alfredo R. Castellanos.
260   $aMontevideo,$c1953.
300   $axx, 413 p.$c20 cm.
440  0$aBiblioteca Artigas.$pColección de clásicos uruguayos ;$vv. 11
650  0$aConstitutional history$zUruguay.
651  0$aUruguay$xPolitics and government.
988   $a20020608
906   $0DLC

