LEADER 00583cam a2200169I  4500
001 004000569-0
005 20020606095253.2
008 781218s1934    ag            000 0 spa d
035 0 $aocm04470861
040   $aCLE$cCLE$dHLS
110 2 $aBanco de la Provincia de Buenos Aires.
245 03$aEl banco de la provincia de Buenos Aires y el impuesto a la renta,$cescrito presentado a la direccion general de los impuestos a los reditos, Toedoro Becu.
260   $aBuenos Aires,$bL.J. Rosso,$c1934.
300   $a83, [1] p.
700 1 $aBecu, Teodoro,$d1890-1946.
988   $a20020608
906   $0OCLC

