LEADER 01245nam a2200289Ii 4500
001 004000570-4
005 20070901105640.0
008 781221s1893    enkabf   b    001 0deng d
035 0 $aocm04482381
035 1 $aCTRG94B1412
035 1 $zPAAG92B987
040   $aAZU$cAZU$dHTV
041 1 $aenghun
100 1 $aBenyowsky, Maurice Auguste,$ccomte de,$d1746-1786.
245 14$aThe memoirs and travels of Mauritius Augustus Count de Benyowsky :$bin Siberia, Kamchatka, Japan, the Liukiu islands and Formosa /$cfrom the translation of his original manuscript (1741-1771), by William Nicholson, F. R. S., 1790 ; edited by Captain Pasfield Oliver.
246 3 $aTravels of Count de Benyowsky.
260   $aLondon :$bT. F. Unwin,$c1893.
300   $a399 p., [9] leaves of plates :$bill., plates, map ;$c22 cm.
440  4$aThe Adventure series ;$v17
500   $aOn spine: Travels of Count de Benyowsky.
504   $aIncludes bibliographical references and index.
651  0$aSiberia (Russia)$xDescription and travel.
650  0$aExiles$zRussia (Federation)$zSiberia.
700 1 $aOliver, Samuel Pasfield,$d1838-1907.
830  0$aWestern books on Asia.$pJapan ;$nUnit 8 ;$vfiches 7,610-7,614.$5mic
988   $a20020608
906   $0RLIN

