LEADER 00882cam a2200229Ia 4500
001 004000571-2
005 20020606095253.2
008 781222s1902    mauab         000 0 eng  
010   $a   02025609 
035 0 $aocm04484896
040   $aDLC$cCLE$dHLS$dHMM
043   $aa-is---$aaw-----
050   $aDS48$b.B28
100 1 $aBarton, William Eleazar,$d1861-1930.
245 14$aThe Old world in the new century :$bbeing the narrative of a tour of the Mediterranean, Egypt and the Holy Land, with some information about the voyage and places visited ... /$cby William E. Barton.
260   $aBoston :$bPilgrim Press,$c1902.
300   $a487 p. :$bill., maps ;$c24 cm.
651  0$aPalestine$xDescription and travel.
651  0$aMiddle East$xDescription and travel.
830  0$aHarvard College Library preservation microfilm program ;$v03638$5mmf
988   $a20020608
906   $0DLC

