LEADER 00912nam a2200313 i 4500
001 004000572-0
005 20070901105640.0
008 780928s1977    it af    bc   001 0 ita  
010   $a   78368951 
015   $aIt78-Feb
020   $cL7500
020   $cL7500
035 0 $aocm04488721$zocm04014794
035 0 $aocm04488721
040   $aDLC$cDLC$dHTV
050 0 $aNC257.C29$bA4 1977
082   $a759.5
100 1 $aCarpaccio, Vittore,$d1455?-1525?
245 12$aI disegni di Vittore Carpaccio /$ca cura di Michelangelo Muraro.
250   $a1. ed.
260   $aFirenze :$bLa nuova Italia,$c1977.
300   $a101 p., [55] leaves of plates :$bill. ;$c24 cm.
440  0$aCorpus graphicum ;$vv. 2
500   $aIncludes index.
504   $aBibliography: p. [87]-94.
600 10$aCarpaccio, Vittore,$d1455?-1525?$vCatalogs.
700 1 $aMuraro, Michelangelo.
988   $a20020608
906   $0DLC

