LEADER 00653nam a22002291i 4500
001 004000573-9
005 20020606095253.2
008 780920s1974    pl aj    b    001 0 pol  
010   $a   75406460 
020   $czł40.00
035 0 $aocm04500621
040   $aDLC$cDLC$dHLS
043   $ae-fr---
050 0 $aDC38$b.B36
100 1 $aBaszkiewicz, Jan.
245 10$aHistoria Francji /$cJan Baszkiewicz.
260   $aWrocław :$bZakład Narodowy im. Ossolińskich,$c1974.
300   $a807 p. :$bill., geneal, table. ;$c25 cm.
504   $aIncludes bibliographical references and indexes.
651  0$aFrance$xHistory.
988   $a20020608
906   $0DLC

