LEADER 00534cam a22001811  4500
001 004000574-7
005 20080707100645.0
008 780116s1732    gw            000 0 lat  
010   $a   75241312 //r93
035 0 $aocm04505835
040   $aDLC$cDLC$dHVL
100 1 $aPufendorf, Friedrich Esaias von,$d1707-1785.
245 10$aIntroductio in processum criminalem Luneburgicum.
260   $aFrancofurti :$bApud N. Foersterum,$c1732.
300   $a296 p. ;$c22 cm.
650  0$aCriminal procedure$zBrunswick.
988   $a20020608
906   $0DLC

