LEADER 00707cam a2200181Ia 4500
001 004000575-5
005 20020606095253.2
008 781227s1852    fr            000 0 fre d
035 0 $aocm04507472
040   $aCLE$cCLE$dHLS$dHMM
100 1 $aBaux, Jules,$d1806-1874.
245 00$aHistoire de la réunion a la France des provinces de Bresse, Bugey et Gex sous Charles-Emmanuel Ier. /$cpar Jules Baux.
260   $aBourg-en-Bresse :$bTip. de Milliet-Bottier,$c1852.
300   $aiv, 454, cxvi [i.e. cxliv] p. ;$c24 cm.
600 00$aCharles Emmanuel$bI,$cDuke of Savoy,$d1562-1630.
830  0$aHarvard Western European local history preservation microfilm project ;$v00045.$5mmf
988   $a20020608
906   $0OCLC

