LEADER 00758cam a2200265I  4500
001 004000576-3
005 20020606095253.2
008 781227s1952    fr            000 0 fre  
010   $a   52065894 /L
035 0 $aocm01619862
035 0 $aocm04508545
040   $aDLC$cCLE$dSER$dHLS
050 0 $aRC555$b.B3
060 00$aWM 100$bB295d 1952
082   $a616.8
100 1 $aBaruk, Henri,$d1897-
245 13$aLa désorganisation de la personnalité.
250   $a[1. éd.]
260   $aParis,$bPresses universitaires de France,$c1952.
300   $a161 p.$c23 cm.
490 0 $aBibliothèque de philosophie contemporaine. Psychologie et sociologie
650  0$aPersonality disorders.
650  2$aMental Disorders.
988   $a20020608
906   $0DLC

