LEADER 00696cam a2200241I  4500
001 004000577-1
005 20020606095253.2
008 781228s1945    fr            000 0 fre d
010   $amed47000023 
035 0 $aocm04509155
040   $aSER$cCLE$dSER$dHLS
050 0 $aBJ45$b.B3
082   $a132
100 1 $aBaruk, Henri,$d1897-
245 10$aPsychiatrie morale expérimentale, individuelle et sociale.$bHaines et réactions de culpabilité ...
260   $aParis,$bPresses universitaires de France,$c1945.
300   $a277 p., 1 ℓ.$c23 cm.
440  0$aBibliothèque de psychiatrie
500   $a1. éd.
650  0$aEthics.
650  0$aPsychiatry.
988   $a20020608
906   $0OCLC

