LEADER 00959cam a2200277I  4500
001 004000578-X
005 20020606095253.2
008 781228s1961    xx            000 0 eng  
010   $a   61008435 /L
035 0 $aocm04509623
040   $aDLC$cCLE$dHLS
043   $aa-ii---
050   $aHC435$b.B38 1961
082   $a338.954
100 1 $aBauer, P. T.$q(Péter Tamás)
245 10$aIndian economic policy and development.
260   $aNew York :$bPraeger,$c1961.
300   $a152 p.$c23 cm.
490 0 $aBooks that matter
500   $a"Revised and enlarged version of ... United States aid and Indian economic development."
650  0$aEconomic assistance, American$zIndia.
650  0$aTechnical assistance, American$zIndia.
651  0$aIndia$xEconomic policy.
776 08$iOnline version:$aBauer, P.T. (Péter Tamás).$tIndian economic policy and development.$dNew York, Praeger [1961]$w(OCoLC)654376559
988   $a20020608
906   $0DLC

