LEADER 01356cam a2200325I  4500
001 004000579-8
005 20020606095253.2
008 781228r19351935paub          000 0deng  
010   $a   36025781 
035 0 $aocm04510101
040   $aDLC$cCLE$dSER$dHLS
043   $an-us---
050 0 $aE275$b.B43
060 00$aWZ 100$bB4144j 1935
082   $a973.38
100 1 $aBeebe, Lewis,$d1749-1816.
245 00$aJournal of Lewis Beebe,$ba physician on the campaign against Canada, 1776;$cedited by Frederic R. Kirkland.
260   $aPhiladelphia,$c1935.
300   $aviii p., 1 ℓ., 37 p.$bfront. (map)$c25 cm.
490 0 $aPamphlet series, narratives & documents. The Historical Society of Pennsylvania.$vno. 2
500   $a"Offprint from the Pennsylvania Magazine of History and Biography, October, 1935."
651  0$aUnited States$xHistory$yRevolution, 1775-1783$xPersonal narratives.
655  7$aHistory.$2fast
655  7$aPersonal narratives.$2fast
700 1 $aKirkland, Frederic Richardson,$d1887-$eed.
700 1 $aKirkland, Frederic R.,$d1887-1961.
776 08$iOnline version:$aBeebe, Lewis, 1749-1816.$tJournal of Lewis Beebe.$dPhiladelphia, 1935$w(OCoLC)567909505
776 08$iOnline version:$aBeebe, Lewis, 1749-1816.$tJournal of Lewis Beebe.$dPhiladelphia, 1935$w(OCoLC)607770634
988   $a20020608
906   $0DLC

