LEADER 00686cam a2200205I  4500
001 004000580-1
005 20020606095253.2
008 781228s1921    xx            000 0 eng  
010   $a   21018006 
035 0 $aocm04510127
040   $aDLC$cCLE$dOCL$dHLS
050   $aPS3503.E225$bF3 1921
100 1 $aBeebe, Lucius Morris,$d1902-1966.
245 10$aFallen stars,$cby Lucius M. Beebe.
260   $aBoston,$bThe Cornhill publishing company$c[c1921]
300   $a7 p. ℓ., 31 p.$c20 cm.
500   $aPoems.
776 08$iOnline version:$aBeebe, Lucius Morris, 1902-1966.$tFallen stars.$dBoston, The Cornhill publishing company [©1921]$w(OCoLC)769156490
988   $a20020608
906   $0DLC

