LEADER 00598cam a2200169I  4500
001 004000581-X
005 20020606095253.2
008 781228s1934    ilu           000 0 eng d
035 0 $aocm04510703
040   $aCLE$cCLE$dOCL$dHLS
100 1 $aBauer, William F.
245 02$aA study guide to the critical appreciation of the photoplay version of Sir James M. Barries̓ novel, The little minister.
260   $a[Chicago]$bNational council of teachers of English$c[c1934]
300   $a23 p., plates.
600 10$aBarrie, J. M.$q(James Matthew),$d1860-1937.$tLittle minister.
988   $a20020608
906   $0OCLC

