LEADER 00802nam a22002171  4500
001 004000583-6
005 20020606095253.2
008 781010r19251922nyu           000 0 eng  
010   $a   25003732 //r78
035 0 $aocm04511311
040   $aDLC$cDLC$dHLS
043   $an-us---
050 0 $aKF4541$b.B4 1925
100 1 $aBeck, James M.$q(James Montgomery),$d1861-1936.
245 04$aThe Constitution of the United States, yesterday,$ctoday-and tomorrow? By James M. Beck ... foreword by Calvin Coolidge.
260   $aNew York,$bGeorge H. Doran company$c[1925]
300   $a4 p.l., vii-xiv p. 1 l., 19-362 p. 2 pl. (incl. front.)$c23 cm.
500   $a"First printing, October, 1922 ... seventh printing, January, 1925."
650  0$aConstitutional law$zUnited States.
988   $a20020608
906   $0DLC

