LEADER 00535nam a2200181I  4500
001 004000584-4
005 20020606095253.2
008 781229s1905    enk           000 0 eng c
010   $aw  06000168 
035 0 $aocm04513226
040   $aWashington, D.C. Public Library$cCLE$dHLS
100 1 $aBeavan, Arthur H.$q(Arthur Henry),$d1844-1907.
245 00$aFishes I have known;$cby Arthur H. Beavan.
260   $aLondon,$bT. Fisher Unwin,$c1905.
300   $a279 p.$bfront., illus.$c19 cm.
650  0$aFishes.
988   $a20020608
906   $0OCLC

