LEADER 00694cam a2200217I  4500
001 004000585-2
005 20020606095253.2
008 781229s1904    enk           000 0 eng d
035 0 $aocm04513229
040   $aCLE$cCLE$dHLS
043   $ae-uk---
050  4$aDA552$b.B43
100 1 $aBeaven, Arthur Henry.
245 10$aPopular royalty.
260   $aLondon,$bS. Low, Marston and co., ltd.,$c1904.
300   $axiv, 344 p., front., plates, ports.
650  0$aNobility$zGreat Britain.
651  0$aGreat Britain$xKings and rulers.
776 08$iOnline version:$aBeaven, Arthur Henry.$tPopular royalty.$dLondon, S. Low, Marston and Co., 1904$w(OCoLC)902934620
988   $a20020608
906   $0OCLC

