LEADER 01013cam a2200241I  4500
001 004000586-0
005 20020606095253.2
008 781230s1873    fr            000 0 fre  
010   $af  01002450 
035 0 $aocm04513357
040   $aDLC$cCLE$dHLS
050   $aGV17$b.B38
100 2 $aBecq de Fouquières, L.$q(Louis),$d1831-1887.
245 14$aLes jeux des anciens;$bleur description, leur origine, leurs rapports avec la religion, l'histoire, les arts et les mœurs,$cpar L. Becq de Fouquières. Ouvrage accompagné de gravures sur bois d'après l'antique, dessinées et gravées par M. Léon Le Maire.
250   $a2. éd.
260   $aParis,$bDidier et cie,$c1873.
300   $a2 p. ℓ., viii, 459, [1] p.$billus.$c25 cm.
650  0$aClassical antiquities.
650  0$aGames$xHistory.
655  7$aHistory.$2fast
776 08$iOnline version:$aBecq de Fouquières, L. (Louis), 1831-1887.$tJeux des anciens.$b2. éd.$dParis, Didier et cie, 1873$w(OCoLC)893913505
988   $a20020608
906   $0DLC

