LEADER 00712nam a2200229I  4500
001 004000587-9
005 20020606095253.2
008 781230s1900    xx            000 0 eng  
010   $a   00004970 //r
035 0 $aocm04513378
040   $aDLC$cCLE$dHLS
050   $aTT160$b.B36
100 1 $aBeard, Daniel Carter,$d1850-1941.
245 10$aNew ideas for American boys;$bthe Jack of all trades,$cby D. C. Beard.
246 3 $aJack of all trades.
260   $aNew York,$bC. Scribner's sons,$c1900.
300   $axiv, 295 p.$billus., plates.$c20 cm.
500   $aHalf-title: The Jack of all trades; or, New Ideas for American boys.
650  0$aAmusements.
650  0$aSports.
988   $a20020608
906   $0DLC

