LEADER 00720nam a2200229I  4500
001 004000588-7
005 20020606095253.2
008 781230s1908    xx            000 0 eng  
010   $a   08002204 
035 0 $aocm04513396
040   $aDLC$cCLE$dHLS
050   $aTN305$b.B36
100 1 $aBeard, James Thom,$d1855-
245 00$aMine gases and explosions;$btext-book for schools and colleges and for general reference,$cby J. T. Beard.
250   $a1st ed.$b1st thousand.
260   $aNew York,$bJ. Wiley & sons; [etc., etc.]$c1908.
300   $a2 p. ℓ., iii-xvii, 402 p.$billus., diagrs.$c21 cm.
650  0$aMine gases.
650  0$aMine explosions.
650  0$aSafety lamps.
988   $a20020608
906   $0DLC

