LEADER 01167cam a22002771i 4500
001 004000589-5
005 20020606095253.2
008 781013s1974    be       b    000 0 ger  
010   $a   78358518 //r86
015   $aBe***
020   $c450F
035 0 $aocm04516992
040   $aDLC$cDLC$dHLS
041 0 $ager$bengfre
050 0 $aDT641$b.A27 n.S., t. 44, fasc. 1$aDT650.B366
100 1 $aBeghin, Paul.
245 10$aGeleide verandering in een Afrikaanse samenleving :$bde Bushi in de koloniale periode /$cdoor Paul Beghin.
260   $aBrussel :$bKoninklijke Academie voor Overzeese Wetenschappen, Klasse voor Morele en Politieke Wetenschappen,$c1974.
300   $a183 p. ;$c25 cm.
490 1 $a[Verhandeling] - Koninklijke Academie voor Overzeese Wetenschappen, Klasse voor Morele en Politieke Wetenschappen ; N. R.,$vXLIV-1
500   $aSummary in English and French.
504   $aBibliography: p. [178]-183.
650  0$aBashi (African people)$xSocial conditions.
830  0$aMémoires in-8o (Académie royale des sciences d'outre-mer. Classe des sciences morales et politiques) ;$vnouv. sér., t. 44, fasc. 1.
988   $a20020608
906   $0DLC

