LEADER 00544nam a2200181I  4500
001 004000590-9
005 20020606095253.2
008 790105s1928    xx            000 0 eng d
035 0 $aocm04517158
040   $aCLE$cCLE$dHLS
100 1 $aBeard, Mary Ritter,$d1876-1958.
245 14$aThe American labor movement:$ba short history.
260   $aNew York,$bThe Macmillan co.,$c1928.
300   $avi [2] 206 p.
440  4$aThe world today bookshelf
500   $aSame as A short history of the American labor movement.
988   $a20020608
906   $0OCLC

