LEADER 00550cam a2200169I  4500
001 004000591-7
005 20020606095253.2
008 790105s1911    au            000 0 ger d
035 0 $aocm04517473
040   $aCLE$cCLE$dHLS
100 1 $aBeer, Rudolf,$d1863-1913.
245 00$aBemerkungen über den ältesten Handschriftenbestand des Klosters Bobbio.
260   $aWien,$c1911.
300   $a29 p.
500   $a"Aus dem Anzeiger der philosophisch-historischen Klasse der kais. Akademie der Wissenschaften separat abgedruckt."
988   $a20020608
906   $0OCLC

