LEADER 01093nam a2200289I  4500
001 004000592-5
005 20020606095253.2
008 790105s1936    ag            000 0 spa  
010   $a   37019782 
035 0 $aocm04518677
040   $aDLC$cCLE$dHLS
050   $aF3001$b.B382
082   $a918.2$a[920.082]
100 2 $aBeccar Varela, Adrian.
245 10$aPlazas y calles de Buenos Aires;$bsignificación histórica de sus nombres.
260   $a[Buenos Aires,$bImprenta Mercatali]$c1936.
300   $a2 v.$bplans (2 fold.)$c24 cm.
500   $aAt head of title: Municipalidad de la ciudad de Buenos Aires, IV centenario de su fundación.
500   $a"Advertencia" signed: Enrique Udaondo.
500   $aAn enlarged edition of the work by Adrián Beccar Varela and Enrique Udaondo published in Buenos Aires in 1910.
650  0$aStreets$zArgentina$zBuenos Aires.
651  0$aBuenos Aires (Argentina)$xBiography.
651  0$aArgentina$xBiography.
700 1 $aUdaondo, Enrique,$d1880-$ejoint author.
710 1 $aBuenos Aires (Argentina)
988   $a20020608
906   $0DLC

