LEADER 00916cam a2200277I  4500
001 004000593-3
005 20071015202604.0
008 790105s1928    fr            000 0 fre  
010   $a   28015693 
035 0 $aocm04519256
040   $aDLC$cCLE$dHLS
050   $aDG975.P25$bB4 1927
050   $aDG975.P25$bB4
100 1 $aBédarida, Henri.
245 10$aParme et la France de 1748 à 1789.
260   $aParis,$bH. Champion,$c1928.
300   $axv, 645 p., 1 ℓ.$bXVI plates (incl. ports., facsim.)$c26 cm.
490 1 $aBibliothéque de la Revue de littérature comparée ;$vt. 45
500   $a"Errata": leaf laid in.
504   $a"Index bibliographique" p: [607]-636.
651  0$aParma (Italy)
651  0$aParma (Italy)$xRelations$zFrance.
651  0$aFrance$xRelations$zItaly$zParma.
830  0$aBibliothèque de la Revue de littérature comparée ;$vt. 45.
988   $a20020608
906   $0DLC

