LEADER 00744cam a2200193I  4500
001 004000594-1
005 20020606095253.2
008 790105s1970    xx            000 0 eng d
035 0 $aocm04519268
040   $aCLE$cCLE$dHLS
100 1 $aBegg, A. Charles.
245 10$aJames Cook and New Zealand$c[by] A. Charles Begg and Neil C. Begg.
260   $aWellington, N. Zeal.,$bA.R. Shearer,$c1970.
300   $a171 p.$billus. (part col.) maps, col. ports.
505 0 $a1. The voyage of the Endeavour, 1768-1711.--2. The voyage of the Resolution and Adventure, 1772-1775.--3. The voyage of Resolution and Discovery, 1776-1780.
600 14$aCook, James,$d1728-1779.
700 1 $aBegg, Neil Colquhoun,$d1915-$ejt. auth.
988   $a20020608
906   $0OCLC

