LEADER 01226nam a2200265I  4500
001 004000595-X
005 20020606095253.2
008 790105s1879    xx            000 0 eng  
010   $a   02019241 //r38
035 0 $aocm04519290
040   $aDLC$cCLE$dHLS
043   $an-cn-mb
050   $aF1064.5.W7$bB4
100 1 $aBegg, Alexander,$d1839-1897.
245 10$aTen years in Winnipeg.$bA narration of the principal events in the history of the city of Winnipeg from the year A.D. 1870 to the year A.D. 1879, inclusive,$cby Alexander Begg, and Walter R. Nursey.
260   $aWinnipeg, Manitoba,$bPrinted at the "Times printing and publishing house,"$c1879.
300   $a3 p. ℓ., [3]-226 p.$billus. (plan)$c23 cm.
651  0$aWinnipeg (Man.)$xHistory.
655  7$aHistory.$2fast
700 1 $aNursey, Walter R.,$d1847-1927,$ejoint author.
700 1 $aNursey, Walter R.,$d1847-1927,$eauthor.
776 08$iOnline version:$aBegg, Alexander, 1839-1897.$tTen years in Winnipeg.$dWinnipeg, Manitoba, Printed at the "Times Print. and Pub. House", 1879$w(OCoLC)670364806
830  0$aWestern Americana, frontier history of the trans-Mississippi West, 1550-1900$vreel 44, no. 426.$5mic
988   $a20020608
906   $0DLC

