LEADER 00636nam a2200181I  4500
001 004000596-8
005 20020606095253.2
008 790105s1874    xx            000 0 ita d
035 0 $aocm04519326
040   $aCLE$cCLE$dHLS
050  4$aDG553.3$b.B44
100 1 $aBeghelli, Giuseppe.
245 13$aLa repubblica Romana del 1849,$bcon documenti inediti e illustrazioni.
260   $aLodi,$bSocieta' cooperativo-tipografica,$c1874.
300   $a2 v., front. (port.)
776 08$iOnline version:$aBeghelli, Giuseppe.$tRepubblica Romana del 1849.$dLodi, Societa' cooperativo-tipografica, 1874$w(OCoLC)894091092
988   $a20020608
906   $0OCLC

