LEADER 00557nam a2200157I  4500
001 004000598-4
005 20020606095253.2
008 790105s1878    gw            000 0 ger d
035 0 $aocm04521231
040   $aCLE$cCLE$dHLS
100 1 $aBecker, Lothar.
245 14$aDie Fabrikation des Tabaks in der alten und neuen Welt.$bUnter Berücksichtigung der allgemein gehörten Behauptung;$cDer Gebrauch des Tabaks sei der alten Welt vor 1492 unbekannt gewesen.
260   $aBremen,$bJ. Kühtmann's Buchhandlung,$c1878.
300   $a187 p.
988   $a20020608
906   $0OCLC

