LEADER 00534nam a2200205I  4500
001 004000599-2
005 20070901105640.0
008 790105s1926    enk           000 0 eng  
010   $a   26011392 
035 0 $aocm04523753
040   $aDLC$cIAY$dHTV
050 0 $aBF455$b.W27
050 0 $aBF455$b.W27 1926
100 1 $aWallas, Graham,$d1858-1932.
245 14$aThe art of thought,$cby Graham Wallas.
260   $aLondon,$bJ. Cape$c[1926]
300   $a320 p.$c21 cm.
650  0$aThought and thinking.
988   $a20020608
906   $0DLC

