LEADER 00874cam a2200229I  4500
001 004000600-X
005 20020606095253.2
008 790105s1929    nyuac         000 0 eng  
010   $a   30019018 
035 0 $aocm04524541
035 0 $aocm04524541$zocm06166335
040   $aDLC$cKSU$dOCL$dHHG
050   $aD7$b.A5
100 1 $aAltachul, Charles,$d1857-1927.
245 00$aOccasional papers, 1917-1927$c[by] Charles Altachul.
260   $aNew York,$bPriv. print.,$c1929.
300   $a143, [1] p.$bincl. pl., facsims., diagrs. front. (port.)$c23 cm.
500   $a"One hundred and fifty copies."
505 0 $aExtracts from The American revolution in our school text-books.--German militarism and its German critics.--Lest we forget.--Europe's debt and our own.--The war guilt controversy.--A plea for cancellation.
650  0$aHistory.
988   $a20020608
906   $0DLC

