LEADER 01743nam a2200349I  4500
001 004000601-8
005 20020606095253.2
008 790108s1624    enk      d    000 0 eng  
010   $a   38033657 
035 0 $aocm04530835
040   $aDLC$cEEM$dHVL
041 0 $aengfre
043   $ae-uk---
050  4$aKD313$b.R37 1624
090   $aKD313$b.R37 1624
100 1 $aRastell, John,$d-1536.
240 10$aExpositiones terminorum legum Anglorum.$lEnglish & Anglo-Norman
245 14$aLes termes de la ley:$bor Certaine difficult and obscure vvords and termes of the common lawes and statutes of this realme expounded.
250   $aNow newly imprinted, and much enlarged and augmented ...
260   $aLondon,$bPrinted for the Company of Stationers,$c1624.
300   $a7 p. l., 311 numb. l.$c16 cm.
500   $aSignatures: 7 l. unsigned, A-Z⁸, Aa-Qq⁸ (last leaf blank).
500   $aAt foot of t.-p.: Cum priuilegio.
500   $aEnglish and French in parallel columns.
500   $aOriginally composed in French, 1527, with a Latin title, "Expositiones terminorũ legum anglorũ ..." Published in 1567 in French and English with title, "Exposicions of the termes of the lawes of England ..." Later French and English editions appeared under titles, "An exposition of certaine difficult and obscure words ..." and "Les termes de la ley ..."
500   $aThe authorship and translation ascribed variously to John and William Rastell. cf. Ames, Typographical antiquities; Dict. nat. biog.; Marvin, Legal bibli.; Brit. mus. Catalogue.
650  0$aLaw$vDictionaries.
650  0$aLaw$zGreat Britain.
655  7$aDictionaries.$2fast
700 1 $aRastell, William,$d1508?-1565.
988   $a20020608
906   $0DLC

