LEADER 01553cam a2200361I  4500
001 004000602-6
005 20080430114629.0
008 790117s1932    enkaf         000 0 eng  
010   $a   33022076 
035 0 $aocm04559510
040   $aDLC$cTWS$dOCL$dHTV
043   $aa-ir---
050   $aNB130.P4$bB7
050   $aNB130.P4$bB7 1931
082   $a732
110 2 $aBritish Museum.$bDepartment of Egyptian and Assyrian Antiquities.
245 10$aPhotographs of casts of Persian sculptures of the Achaemenid period, mostly from Persepolis :$btwelve plates.
246 30$aPersian sculptures of the Achaemenid period, mostly from Persepolis
246 1 $iRunning title on plate leaves:$aCasts of Persian sculptures, Achaemenid period
246 30$aTemporary exhibition of casts from Persepolis
246 30$aCasts from Persepolis
260   $aLondon :$bPublished by the Trustees of the British Museum,$c1932.
300   $a1 leaf, 12 leaves of plates :$ball ill. ;$c35 cm.
500   $aAccompanied by text (signed: Cecil Harcourt-Smith) with caption title: Assyrian basement, British Museum. Temporary exhibition of casts from Persepolis, May-December, 1931 ([4] p. : plan ; 26 cm.).
500   $aIssued in portfolio.
650  0$aSculpture, Ancient$zIran.
650  0$aSculpture, Ancient$zIran$zPersepolis.
650  0$aRelief (Sculpture)$zIran$zPersepolis.
651  0$aPersepolis (Iran)$zAntiquities.
651  0$aIran$xAntiquities.
700 1 $aSmith, Cecil Harcourt-,$cSir,$d1859-1944.
988   $a20020608
906   $0DLC

