LEADER 00912cas a2200277   4500
001 004000603-4
005 20030625155256.0
008 790123u1853uuuuohuwr1p       0   a0eng d
010   $asc 79004243 
022 1 $a0197-9086
035 0 $aocm04575545
040   $aIUL$cIUL$dDLC$dNSD$dHBS
042   $alc$ansdp
043   $an-us---
090   $aTF1$b.R17
222  4$aThe Railroad record and journal of commerce, banking, manufactures and statistics
245 00$aRailroad record and journal of commerce, banking, manufactures and statistics.
246 10$aJournal of commerce, banking, manufactures and statistics
260   $aCincinnati$b[s.n.]
300   $av.$bill.$c29 cm.
362 0 $av. 1- (no. 1- ); 1853-
650  0$aRailroads.
730 0 $aRailroad record extra.
830  0$aHarvard College Library newspaper preservation microfilm program ;$v00236.$5mmf
988   $a20020608
906   $0OCLC

