LEADER 00992nam a2200313 i 4500
001 004000604-2
005 20070901105641.0
008 790124s1977    gw a     bc   001 0cger  
010   $a   78392803 
015   $aGFR77-A44
020   $a3765416916 :$cDM196.00
035 0 $aocm04575880
040   $aDLC$cDLC$dHTV
043   $ae-it---
050 0 $aN6911.A1$bI7 F. 3, Bd. 10$aNC256.F5
050 0 $aN6911.A1$bI7 F.3, Bd.10 1977
082   $a709/.45 s$a741.9/45/51
100 1 $aThiem, Christel.
245 10$aFlorentiner Zeichner des Frühbarock /$cChristel Thiem.
260   $aMünchen :$bBruckmann,$c1977.
300   $a423 p. :$bnumerous ill. ;$c29 cm.
440  0$aItalienische Forschungen ;$v3. Folge, Bd. 10
500   $aIncludes indexes.
504   $aBibliography: p. 413-417.
650  0$aDrawing, Italian$zItaly$zFlorence$vCatalogs.
650  0$aDrawing, Baroque$zItaly$zFlorence$vCatalogs.
650  0$aArtists$zItaly$vBiography.
988   $a20020608
906   $0DLC

