LEADER 01361cam a2200301I  4500
001 004000605-0
005 20070901105641.0
008 790123s1923    gw abf   b    000 0 ger  
010   $a   44010660 
035 0 $aocm04577361
040   $aDLC$cIQU$dSER$dHTV
050 0 $aCB83$b.K8 bd. 19
050 0 $aCB83$b.K8 bd.19 1923
100 1 $aTessmann, Günter,$d1884-
245 14$aDie Bubi auf Fernando Poo;$bvölkerkundliche Einzelbeschreibung eines westafrikanischen Negerstammes,$cvon Günter Tessmann, herausgegeben von Prof. Dr. O. Reche ... mit 200 Abbildungen im Text, 9 Tafeln und 2 Karten.
260   $aHagen i.W.,$aDarmstadt,$bFolkwang-Verlag, G.M.B.H.,$c1923.
300   $ax, 238 p.$billus., 9 pl. on 5 ℓ., 2 maps on 1 ℓ.$c29 x 23 cm.
490 0 $aSchriften-reihe. Kulturen der Erde; Material zur Kultur- und Kunstgeschichte aller Völker. [Bilderwerke]$vBd. XIX
504   $aIncludes bibliographies.
650  0$aBube (African tribe)
650  0$aEthnology$zFernando Po Island.
650  0$aBubi (African people)
700 1 $aReche, Otto,$d1879-$eed.
700 1 $aReche, Otto,$d1879-$eeditor.
776 08$iOnline version:$aTessmann, Günter, b. 1884.$tBubi auf Fernando Poo.$dHagen i.W., Darmstadt, Folkwang-Verlag, G.M.B.H., 1923$w(OCoLC)555660584
700 1 $aReche, Otto,$d1879-1966,$eeditor.
988   $a20020608
906   $0DLC

