LEADER 00646nam a2200217K  4500
001 004000606-9
005 20020606095253.2
008 790125s1895    nyu           000 0 eng d
035 0 $aocm04583326
040   $aNAM$cNAM$dHLS
090   $aKF5319.A9$bB38x
100 1 $aBayles, George James,$d1869-1914.
245 04$aThe office of mayor in the United States;$ba study in administrative law.
260   $a[New York,]$c1895.
300   $a74p. l ℓ.$c23 cm.
500   $aBiographical record.
502   $aThesis (PH. D.)--Columbia unversity.
650  0$aMayors.
650  0$aMunicipal government$zUnited States.
988   $a20020608
906   $0OCLC

