LEADER 01043cam a2200265Ii 4500
001 004000607-7
005 20020606095253.2
008 790125s1848    fr            000 0 fre d
035 0 $aocm04585144
040   $aLLT$cLLT$dHVL
043   $ae-fr---
050 00$aKJV532$b.P76 1848
100 1 $aProudhon,$cM.$q(Jean Baptiste Victor),$d1758-1838.
245 10$aTraité sur l'état des personnes et sur le titre préliminaire du Code civil /$cpar M. Proudhon.
250   $a3. éd.$bconsidérablement aug. / par M. Valette.
260   $aParis :$bA. Marescq,$c1848.
300   $a2 v. ;$c23 cm.
650  0$aPersons (Law)
650  0$aDomestic relations.
650  0$aCivil law$zFrance.
700 1 $aValette, Auguste,$d1805-1878,$eed.
700 1 $aValette, A.$q(Auguste),$d1805-1878,$eeditor.
776 08$iOnline version:$aProudhon, M. (Jean Baptiste Victor), 1758-1838.$tTraité sur l'état des personnes et sur le titre préliminaire du Code civil.$b3. éd.$dParis : A. Marescq, 1848$w(OCoLC)817043499
988   $a20020608
906   $0OCLC

