LEADER 00647nam a2200205I  4500
001 004000609-3
005 20020606095253.2
008 790131s1916    nyu           000 0 eng  
010   $a   16002193 
035 0 $aocm04605674
040   $aDLC$cLDL$dHLS
050 0 $aTG265$b.B4
100 1 $aBeggs, George Erle,$d1883-1939.
245 10$aLive-load stresses in railway bridges,$bwith formulas and tables,$cby George E. Beggs.
250   $a1st ed., 1st thousand.
260   $aNew York,$bJohn Wiley & Sons, Inc.; [etc., etc.]$c1916.
300   $av, 123 p. incl. tables, diagrs.$c24 cm.
650  0$aStrains and stresses.
988   $a20020608
906   $0DLC

