LEADER 00562nam a2200205K  4500
001 004000610-7
005 20070622133036.0
008 790201s1958    it            000 0 ita d
035 0 $aocm04608097
040   $aNAM$cNAM$dHLS
090   $aH33$b.B4 1958
100 1 $aBeccaria, Cesare,$cmarchese di,$d1738-1794.
245 00$aOpere$c[ A cura di S. Romagnoli]
260   $aFirenze :$bSansoni$c[1958]
300   $a2 v.
490 1 $aI classici italiani
700 1 $aRomagnoli, Sergio.
830  0$aClassici italiani (Florence, Italy)
988   $a20020608
906   $0OCLC

