LEADER 00967nam a2200229I  4500
001 004000614-X
005 20020606095253.2
008 790222s1924    enka          000 0 eng c
010   $al  24000195 
035 0 $aocm04682557
035 0 $aocm04682557$zocm12390008
040   $aLibrary, U.S. Dept. of Labor$cLUU$dHLS
050 0 $aHD7801$b.B44
100 1 $aBehrens, Edward Beddington,$d1897-
245 14$aThe International labour office (League of nations);$ba survey of certain problems of international administration,$cby E. Beddington Behrens. With a foreword by Harold J. Laski.
260   $aLondon,$bL. Parsons,$c1924.
300   $a220 p.$bfold. tables.$c19 cm.
610 20$aInternational Labour Organisation.
650  0$aLabor laws and legislation, International.
776 08$iOnline version:$aBehrens, Edward Beddington, 1897-$tInternational labour office (League of nations).$dLondon, L. Parsons, 1924$w(OCoLC)612574145
988   $a20020608
906   $0OCLC

