LEADER 00545nam a2200169I  4500
001 004000615-8
005 20020606095253.2
008 790227s1826    be            000 0 fre d
035 0 $aocm04693909
040   $aRSC$cRSC$dHVL
100 1 $aPey, Joannes,$dapproximately 1740-1797.
245 13$aLa loi de la nature,$bdéveloppée et perfectionnée par la loi évangélique.
260   $aLouvain,$bVanlinthout et Vandenzande,$c1826.
300   $aiv, 403 p. ;$c21 cm.
490 0 $aBibliothèque Catholique de la Belgique,$v8
988   $a20020608
906   $0OCLC

