LEADER 00571nam a2200181Ii 4500
001 004000616-6
005 20071015202604.0
008 790301s1922    gw af         000 0 ger d
035 0 $aocm04703771
040   $aZYU$cZYU$dHTV
100 1 $aMitius, Otto,$d1865-1926.
245 10$aDürers Schlosshofansichten und die Cadolzburg bei Nürnberg /$cvon Otto Mitius.
260   $aLeipzig :$bK. W. Hiersemann,$c1922.
300   $a35 p. :$bill., plates ;$c32 cm.
610 10$aNuremberg (Germany).$bCadolzburg.
600 10$aDürer, Albrecht,$d1471-1528.
988   $a20020608
906   $0OCLC

