LEADER 00792nam a2200217Ii 4500
001 004000617-4
005 20020606095253.2
008 790302s1570    fr            000 0 lat d
035 0 $aocm04705560
040   $aEEM$cEEM$dHVL
090   $aKE0$b.L3525 1571
100 1 $aNaogeorg, Thomas,$d1511-1563.
245 10$aRubricae sive Summae capitulorum iuris canonici,/$cThomae Naogeorgi Straubingensis opera in lucem editae. Adiunctus quoq[ue] est in calce, praecipuorum locorum, qui in decretis tractantur, index.
246 17$aIuris canon. tituli.
246 3 $aJuris canonici tituli.
260   $aLugduni :$bApud Gulielmum Rouillium,$c1570.
300   $a272 p. ;$c13 cm.
500   $aPrinter's device on title page.
650  0$aCanon law$vEarly works to 1800.
988   $a20020608
906   $0OCLC

