LEADER 01566nam a2200361 a 4500
001 004000618-2
005 20071015202604.0
008 811204s1977    nyua     b    000 0 eng  
010   $a   77086240 
020   $a0913870528
035 0 $aocm04725790
040   $aDLC$cDLC$dHTV$dMH-FA
041 0 $aengger
050 0 $aNC745.A2$bD813 1977
082 0 $a701/.9$219
100 1 $aDürer, Albrecht,$d1471-1528.
240 10$aUnterweisung der Messung.$lEnglish & German
245 14$aThe painter's manual :$ba manual of measurement of lines, areas, and solids by means of compass and ruler assembled by Albrecht Dürer for the use of all lovers of art with appropriate illustrations arranged to be printed in the year MDXXV /$cby Albrecht Dürer ; translated and with a commentary by Walter L. Strauss.
260   $aNew York :$bAbaris Books,$c1977.
300   $a472 p. :$bill. ;$c32 cm.
500   $aTranslation of: Unterweisung der Messung.
500   $aIncludes changes made in the 1538 ed.
546   $aGerman text, parallel English translation.
504   $aBibliography: p. 469-472.
650  0$aMeasurement$xEarly works to 1800.
600 10$aDürer, Albrecht,$d1471-1528.
650  0$aPerspective$xEarly works to 1800.
655  7$aEarly works.$2fast
655  7$aUnderweysung der messung.$2swd
700 1 $aStrauss, Walter L.
776 08$iOnline version:$aDürer, Albrecht, 1471-1528.$sUnterweisung der Messung. English & German.$tPainter's manual.$dNew York : Abaris Books, 1977$w(OCoLC)560025196
988   $a20020608
906   $0DLC

