LEADER 00810nam a2200205Ii 4500
001 004000619-0
005 20090416235302.0
008 790312s1759    fr            000 0 fre d
035 0 $aocm04734619
040   $aLLT$cLLT$dHVL
043   $ae-fr---
100 1 $aPrévost de La Jannès, Michel,$d1696-1749.
245 14$aLes principes de la jurisprudence franc̜oise :$bexposés suivant l'ordre des diverses espéces d'actions qui se poursuivent en justice /$cpar M. Prevôt de la Jannés.
250   $aNouv. éd.,$brev., corr. & augm. de plusieurs pièces posthumes de l'auteur, sur la même matiere.
260   $aParis :$bBriasson,$c1759.
300   $a2 v. ;$c17 cm.
650  0$aLaw$zFrance$vEarly works to 1800.
650  0$aActions and defenses$zFrance$vEarly works to 1800.
988   $a20020608
906   $0OCLC

