LEADER 00740cam a2200205I  4500
001 004000620-4
005 20020606095253.2
008 790313s1873    nyuadfh  b    000 0 eng d
035 0 $aocm04735990
040   $aMTH$cMTH$dOCL$dSER$dHLS
090   $aF72.H3$bB44
100 1 $aBeers, F. W.$q(Frederick W.)
245 10$aCounty atlas of Hampshire, Massachusetts.$cFrom actual surveys by and under the direction of F.W. Beers.
260   $aNew York :$bF.W. Beers,$c1873. ($aNew York :$bCharles Hart.)
300   $a105 p. : ill., maps. (some col., some fold.) ;$c41 cm.
500   $aSome pages blank.
650  0$aReal property$zMassachusetts$zHampshire County$xMaps.
651  0$aHampshire County (Mass.)$xMaps.
988   $a20020608
906   $0OCLC

