LEADER 00698cam a2200217I  4500
001 004000621-2
005 20070901105641.0
008 790316s1927    enkcf    b    000 0beng  
010   $a   28009512 
035 0 $aocm04751364
040   $aDLC$cCLE$dSER$dHTV
050 0 $aNB497.F5$bC6
050 0 $aNB497.F5$bC6 1927
100 1 $aConstable, W. G.$q(William George),$d1887-
245 10$aJohn Flaxman, 1755-1826,$cby W.G. Constable ...
260   $aLondon,$bUniversity of London Press, ltd.,$c1927.
300   $a3 p. ℓ., ix-xvi, 128 p.$bfront., XXXI pl. (incl. ports.)$c23 cm.
504   $a"Select bibliography": p. 119-120.
600 10$aFlaxman, John,$d1755-1826.
988   $a20020608
906   $0DLC

