LEADER 00728nam a2200205I  4500
001 004000622-0
005 20020606095253.2
008 790319s1871    enk           000 0 eng d
035 0 $aocm04753400
040   $aVIC$cVIC$dHLS
090   $aBX5199.B41$bB4
100 1 $aBedell, William,$d-1670.
245 00$aLife of Bishop Bedell,$cby his son. Now first edited by John E. B. Mayor.
260   $aCambridge,$bPrinted for the editor at the University Press and sold by Macmillan,$c1871.
300   $a4 p.l., 130 p.$c18 cm.
440  0$aCambridge in the seventeenth century.$vpt. III
600 10$aBedell, William,$d1571-1642.
700 1 $aMayor, John E. B.$q(John Eyton Bickersteth),$d1825-1910,$eed.
988   $a20020608
906   $0OCLC

