LEADER 00863nam a2200241Ii 4500
001 004000623-9
005 20071015202605.0
008 790329m18541860fr            001 0bfre d
035 0 $aocm04794597
040   $aGAT$cGAT$dHTV
100 1 $aTallemant Des Réaux,$d1619-1690.
245 04$aLes historiettes de Tallemant des Réaux.
250   $a3. éd., entièrement rev. sur le manuscrit original et disposée dans un nouvel ordre /$bpar mm. de Monmerqué et Paulin Paris.
260   $aParis :$bJ. Techener,$c1854-1860.
300   $a9 v. ;$c23 cm.
500   $aIncludes index.
651  0$aFrance$vBiography.
651  0$aFrance$xHistory$yLouis XIII, 1610-1643.
651  0$aFrance$xHistory$yLouis XIV, 1643-1715.
700 1 $aMonmerqué, L.-J.-N.$q(Louis-Jean-Nicolas),$d1780-1860.
700 1 $aParis, Paulin,$d1800-1881.
988   $a20020608
906   $0OCLC

