LEADER 00741cam a2200229I  4500
001 004000624-7
005 20020606095253.2
008 790402s1951    gw       b    000 0 ger  
010   $a   55025734 /L
035 0 $aocm04810483
040   $aDLC$cIQU$dNOC$dHLS
090   $aHD8460.5$b.B43 1951
100 1 $aBecker, Otto Eugen Hasso,$d1900-
245 14$aDer perfekte Sklavenstaat;$bdie Ausbeutung des Arbeiters im staatskapitalistischen System der sowjetischen Besatzungszone.
260   $a[Köln]$bRote Weissbücher,$c1951.
300   $a171 p.$c21 cm.
490 0 $aRote Weissbücher,$v4
504   $aBibliography: p. 169-170.
650  0$aWorking class$zGermany (East)
650  0$aLabor$zGermany (East)
988   $a20020608
906   $0DLC

