LEADER 01310nam a2200301Ii 4500
001 004000625-5
005 20070901105642.0
008 790405s1954    nyua     bc   000 0 eng d
035 0 $aocm04822869
040   $aNIC$cKUK$dKUK$dHTV
050  4$aNB615$b.J30
110 2 $aJacques Seligmann & Co., New York.
245 12$aA catalogue of seven marble sculptures of the Italian Trecento and Quattrocento from the collection of His Highness, the Prince of Liechtenstein /$cJacques Seligmann & Co., inc. ; [pref. by Germain Seligmann ; research by] William R. Valentiner]
246 3 $aSculptures from the collection of H.H., the Prince of Liechtenstein.
260   $aNew York :$bThe Company,$c1954.
300   $a37 p. :$bill. ;$c30 cm.
500   $a"Edition limited to 100 copies."
500   $aCover title: Sculptures from the collection of H.H. , the Prince of Liechtenstein.
504   $aBibliography: leaf 29.
650  0$aSculpture, Italian$vCatalogs.
655  7$aCatalogs.$2fast
700 0 $aFranz Joseph$bII,$cPrince of Liechtenstein,$d1906-
700 1 $aValentiner, Wilhelm Reinhold,$d1880-1958.
700 1 $aSeligmann, Germain.
700 0 $aFranz Josef$bII,$cPrince of Liechtenstein,$d1906-1989.
700 1 $aValentiner, William Reinhold,$d1880-1958.
988   $a20020608
906   $0OCLC

