LEADER 00876cam a2200253I  4500
001 004000626-3
005 20090712174408.0
008 790405s1965    xx a          000 0 eng  
010   $a   65020577 
035 0 $aocm04825438
040   $aDLC$cDVP$dOCL$dHLS
043   $an-us---
050 0 $aTF25.N72$bB4
100 1 $aBeebe, Lucius Morris,$d1902-1966.
245 10$aTwo trains to remember:$bthe New England Limited, the Air Line Limited,$cby Lucius Beebe.
260   $a[Virginia City? Nev.]$c1965.
300   $a54 p.$billus. (part col.)$c24 cm.
500   $a"300 copies have been privately printed for circulation by the author."
650  0$aExpress trains$zUnited States.
610 20$aNew York, New Haven, and Hartford Railroad Company.
610 20$aNew York & New England Railroad.
610 20$aNew York and New England Railroad.
988   $a20020608
906   $0DLC

