LEADER 00910nam a2200253I  4500
001 004000627-1
005 20020606095253.2
008 790412s1931    gw            000 0 ger  
010   $a   31034913 
035 0 $aocm04850518
040   $aDLC$cWTU$dHLS
050   $aPT1101$b.L5 vol.276
100 1 $aBebel, Heinrich,$d1472-1518.
245 00$aHeinrich Bebels Facetien drei Bücher,$bhistorisch-kritische Ausgabe,$cvon Gustav Bebermeyer.
260   $aLeipzig,$bK. W. Hiersemann,$c1931.
300   $axxix, 208 p.$c23 cm.
440  0$aBibliothek des Literarischen Vereins in Stuttgart ;$vBd. 276
500   $aBased on the edition of 1514, issued with his Opuscula nova, Strassburg, M. Schürer, 1514.
650  0$aWit and humor, Medieval.
650  0$aGerman wit and humor.
650  0$aLatin literature, Medieval and modern.
700 1 $aBebermeyer, Gustav,$d1890-$eed.
988   $a20020608
906   $0DLC

