LEADER 01819cam a2200385I  4500
001 004000628-X
005 20100115175731.0
008 790413s1869    enk           000 0 eng  
010   $a   12018501 //r59
020   $a052401437X (microfiche)
035 0 $aocm04855912
040   $aDLC$cCLE$dHTV
041 1 $aengchi
043   $aa-cc---$aa-ii---
050   $aDS6$b.F33 1869
100 0 $aFaxian,$dapproximately 337-approximately 422.
245 00$aTravels of Fah-Hian and Sung-Yun, Buddhist pilgrims,$bfrom China to India (400 A.D. and 518 A.D.)$ctranslated from Chinese by Samuel Beal.
260   $aLondon,$bTrübner,$c1869.
300   $alxxiii, 208 p.$bfold. map.$c19 cm.
500   $aManuscript notes.
500   $a"Errata": 1 leaf, inserted.
505 0 $aPreface.--Introduction.--Records of Buddhist countries by Chi Fah Hian of the Sung dynasty. (Date 400 A.D.)--The mission of Hwui Seng and Sung Yun to obtain Buddhist books in the West. (518 A.D.) [by Hsüan-chih Yang] Translated from the 5th section of the History of the temples of Lo-Yang (Honan Fu)
600 10$aSung, Yün,$dactive 6th century.
600 00$aHui-shêng,$dactive 6th century.
650  0$aBuddhism$zChina.
651  0$aIndia$xDescription and travel.
600 10$aSong, Yun,$dactive 6th century.
600 00$aHuisheng,$dactive 6th century.
700 1 $aBeal, Samuel,$d1825-1889,$etr.
700 12$aYang, Xuanzhi,$d-555?$tMission of Hwui Seng and Sung Yun.
700 1 $aBeal, Samuel,$d1825-1889,$etranslator.
776 08$iOnline version:$aFaxian, approximately 337-approximately 422.$tTravels of Fah-Hian and Sung-Yun, Buddhist pilgrims.$dLondon, Trübner, 1869$w(OCoLC)867140708
830  0$aATLA Historical Monographs Collection.$nSeries 1 (13th Century to 1893).$5net
988   $a20020608
906   $0DLC

