LEADER 00683nam a22002291i 4500
001 004000630-1
005 20020606095253.2
008 790315s1975    yu       b    000 0 slv  
010   $a   78400340 
035 0 $aocm04883670
040   $aDLC$cDLC$dHLS
050 0 $aU104$b.B42
100 1 $aBebler, Anton.
245 10$aMarksizem in vojaštvo /$c[avtor] Anton Bebler ; [uvodna beseda Božidar Debenjak].
260   $aLjubljana :$bKomunist,$c1975$e(Ljubljana :$fDelo)
300   $a112 p. ;$c19 cm.
504   $aIncludes bibliographical references.
650  0$aMilitary art and science.
650  0$aArmed Forces.
650  0$aSociology, Military.
988   $a20020608
906   $0DLC

