LEADER 01394nam a2200349I  4500
001 004000632-8
005 20070901105644.0
008 790426s1928    enkbcf   b    001 0 eng  
010   $a   29017119 
035 0 $aocm04900176
040   $aDLC$cMNU$dMNU$dHTV
043   $aa-ir---
045   $au2u2
050 0 $aDS7$b.H54 1928
100 1 $aHerbert, Thomas,$cSir,$d1606-1682.
245 10$aTravels in Persia, 1627-1629 /$cabridged and edited by Sir William Foster, C. I. E., with an introduction and notes.
260   $aLondon :$bG. Routledge & sons, ltd.,$c1928.
300   $axxxix, [1], 352 p.$bfront. (port.) plates, maps.$c23 cm.
440  4$aThe Broadway travellers
500   $aAt head of title: Thomas Herbert.
504   $a"Fuller titles of the chief authorities quoted": p. xxxviii-xxxix.
650  0$aVoyages and travels.
651  0$aIran$xDescription and travel.
651  0$aIran$xDescription and travel$vEarly works to 1800.
650  0$aVoyages and travels$vEarly works to 1800.
655  7$aEarly works.$2fast
700 1 $aFoster, William,$cSir,$d1863-1951.
700 1 $aFoster, William,$cSir,$d1863-1951,$eeditor.
700 1 $aFoster, William,$d1863-1951,$eeditor.
776 08$iOnline version:$aHerbert, Thomas, Sir, 1606-1682.$tTravels in Persia, 1627-1629.$dLondon, G. Routledge & Sons [1928]$w(OCoLC)612790056
988   $a20020608
906   $0DLC

