LEADER 01344nam a2200265I  4500
001 004000633-6
005 20070206225321.0
008 790427s1941    ag bcef       001 0 spa  
010   $a   42016072 
035 0 $aocm04903757
040   $aDLC$cAZU$dAZU$dHLS
050 0 $aF2801.A613$bB4 1941
082   $a962
100 1 $aBecu, Teodoro,$d1890-1946.
245 13$aLa Colección de documentos de Pedro de Angelis y el Diaro de Diego de Alvear,$cpor Teodoro Becu y José Torre Revello; con ilustraciones y apéndice documental.
260   $aBuenos Aires,$bTalleres s. a. Casa Jacobo Peuser, ltda.,$c1941.
300   $a144, liv, 19* p., 2 ℓ.$b29 (i. e. 30) pl. (part fold., incl. port., facsims., maps) on 29 ℓ., 6 fold. plans, fold. tab.$c28 cm.
490 0 $a[Buenos Aires. Universidad Nacional] Publicaciones del Instituto de Investigaciones Históricas, núm. 75
500   $aAt head of title: Facultad de filosofía y letras.
500   $aPlans and table in pocket.
600 10$aAlvear, Diego de,$d1749-1830.$tDiario de la segunda partida demarcadora de límites en la América meridional.
600 10$aAngelis, Pedro de,$d1784-1859.$tColección de obras y documentos relativos á la historia antigua y moderna de las provincias del Rio de la Plata.
700 2 $aTorre Revello, José de,$d1898-
988   $a20020608
906   $0DLC

