LEADER 00977nam a2200253Ii 4500
001 004000634-4
005 20020606095253.2
008 790504s1970    gw            000 0 ger d
035 0 $aocm04928531
040   $aGZM$cGZM$dHLS
043   $ae-ge---
050  4$aHC287.A2$bM472 1970
090   $aHC287.A2$bM472 1970
100 1 $aMittag, Günter,$d1926-
245 14$aDie Bedeutung des Buches "Politische Ökonomie des Sozialismus und ihre Anwendung in der DDR" für die weitere Gestaltung des ökonomischen Systems des Sozialismus in der DDR und die Entwicklung des ökonomischen Denkens der Werktätigen /$cGünter Mittag.
250   $a2. Aufl.
260   $aBerlin :$bDietz,$c1970.
300   $a64 p. ;$c20 cm.
500   $aAddress given on the occasion of the Berlin meeting, January 15th and 16th, 1970.
504   $aIncludes bibliographical references.
650  0$aMarxian economics.
651  0$aGermany (East)$xEconomic policy.
988   $a20020608
906   $0OCLC

