LEADER 00512nam a22002051  4500
001 004000637-9
005 20020606095253.2
008 780504s1969    gw            000 0 ger  
010   $a   75466144 
015   $aGDB***
035 0 $aocm04958228
040   $aDLC$cDLC$dHLS
050 0 $aHX536$b.B345
100 1 $aBeer, Ulrich,$d1932-
245 10$aLiebe oder Sozialismus?
260   $aStuttgart,$bSteinkopff$c(1969).
300   $a174 p.$c20 cm.
650  0$aSocialism and religion.
988   $a20020608
906   $0DLC

