LEADER 01791cam a2200349 a 4500
001 004000639-5
005 20070901105644.0
008 790517s1954    nyua     b    001 0 eng d
010   $z   52008757 
035 0 $aocm04975516
040   $aCOV$cCOV$dMDU$dVET$dHTV
041 1 $aeng$hger
050  4$aBF23$b.J76 v.16
060 00$aWM 420$bJ95p 1954
100 1 $aJung, C. G.$q(Carl Gustav),$d1875-1961.
245 14$aThe practice of psychotherapy :$bessays on the psychology of the transference and other subjects /$cC.G. Jung ; translated by R.F.C. Hull.
260   $aNew York :$bPantheon,$cc1954.
300   $axi, 377 p. :$bill. ;$c24 cm.
440  0$aBollingen series ;$v20
490 1 $aCollected works ;$vv.16
504   $aIncludes bibliographical references and index.
505 0 $aPart One. General problems of psychotherapy -- Principles of practical psychotherapy -- What is psychotherapy? -- Some aspects of modern psychotherapy -- The aims of psychotherapy -- Problems of modern psychotherapy -- Psychotherapy and a philosophy of life -- Medicine and psychotherapy -- Psychotherapy today -- Fundamental questions of psychotherapy -- Part Two. Specific problems of psychotherapy -- The therapeutic value of abreaction -- The practical use of dream-analysis -- Psychology of transference.
650  0$aPsychotherapy.
650  0$aTherapeutics, Suggestive.
650  2$aPsychotherapy.
655  7$aMarkings (Provenance).$2rbprov$5hou
655  7$aAnnotations (Provenance).$2rbprov$5hou
700 1 $aCummings, E. E.$q(Edward Estlin),$d1894-1962,$eformer owner.$5hou
752   $aUnited States$bNew York$dNew York.
800 1 $aJung, C. G.$q(Carl Gustav),$d1875-1961.$tWorks.$lEnglish.$f1953.$sPantheon/Princeton ;$vv. 16.
988   $a20020608
906   $0OCLC

