LEADER 01685cam a2200373Ia 4500
001 004000640-9
005 20020606095253.2
008 790522s1904    nyuabce  b    001 0 eng  
010   $a   05007745 
035 0 $aocm04990443
040   $aDLC$cEPL$dPIT$dHLS
043   $an-us-pa
050 0 $aF157.B2$bB3
100 1 $aBausman, Joseph H.$q(Joseph Henderson),$d1854-
245 10$aHistory of Beaver County, Pennsylvania :$band its centennial celebration /$cby Joseph H. Bausman ; illustrated.
260   $aNew York :$bKnickerbocker Press,$c1904.
300   $a2 v. (xxxiii, 1315, 5 p.) :$bill., facsims., maps, music, plans, ports. ;$c25 cm.
500   $aPaged continuously.
500   $aFollowing text in v. 2: "Festival march: written exressively for and in honor of the Beaver County centennial held at Beaver, Pa., June 19th to 22nd 1900 / by J. S. Duss"--5 p. at end.
500   $aIncludes index.
504   $a"List of authorities consulted"--v. 1 p. xxvii-xxxiii.
651  0$aBeaver County (Pa.)$xHistory.
651  0$aBeaver County (Pa.)$vBiography.
651  0$aBeaver County (Pa.)$vGenealogy.
655  7$aBiography.$2fast
655  7$aGenealogy.$2fast
655  7$aHistory.$2fast
700 12$aDuss, John Samuel,$d1860- .$tFestival march.
711 22$aBeaver County centennial$n(1st:$d1900 : Beaver, Pa.)
700 12$aDuss, John Samuel,$d1860-1951.$tFestival march.
711 2 $aBeaver County Centennial$n(1st :$d1900 :$cBeaver, Pa.)
776 08$iOnline version:$aBausman, Joseph H. (Joseph Henderson), 1854-$tHistory of Beaver County, Pennsylvania.$dNew York : Knickerbocker Press, 1904$w(OCoLC)582018984
988   $a20020608
906   $0DLC

