LEADER 00664nam a2200181Ii 4500
001 004000641-7
005 20020606095253.2
008 790524s1926    meuab         000 0 eng d
035 0 $aocm04999190
040   $aMEA$cMEA$dHLS
100 1 $aBaxter, James Phinney,$d1831-1921.
245 10$aHistorical addresses /$cJames Phinney Baxter, 1831-1921.
260   $aPortland, Me. :$b[s.n.,$c1926?].
300   $a1 v. in various pagings :$bill., maps (part fold.) ;$c23 cm.
500   $aA collection of twenty-five historical addresses delivered by James Phinney Baxter between 1877 and 1920 and bound in one volume.
651  0$aMaine$xHistory.
988   $a20020608
906   $0OCLC

