LEADER 00667nam a2200217I  4500
001 004000642-5
005 20020606095253.2
008 790529s1915    ag            000 0 spa  
010   $a   16010950 
035 0 $aocm05013198
040   $aDLC$cAZU$dAZU$dHLS
050 0 $aJX1530$b.B4
100 1 $aBecú, Carlos Alfredo,$d1880-
245 13$aEl "A. B. C." y su concepto politico y juridico.
260   $aBuenos Aires,$bLibreria "La Facultad" de J. Roldán,$c1915.
300   $a89 p.$c21 cm.
650  0$aMonroe doctrine.
651  0$aAmerica$xPolitics and government.
651  0$aSouth America$xPolitics and government$y20th century.
988   $a20020608
906   $0DLC

