LEADER 01646nam a2200433I  4500
001 004000643-3
005 20070530172815.0
008 910411s1750    enk     s     001 0 eng d
035 0 $aocm23454358
035 0 $aocm05018578
040   $aUUM$cUUM$dHVL
041 1 $aengfre
050  4$aJC179$b.M74 1750
090   $aHB161$b.G64 no. 8573.2
090   $aJC179$b.M74 1750
100 1 $aMontesquieu, Charles de Secondat,$cbaron de,$d1689-1755.
245 14$aThe spirit of laws.$cTranslated from the French of M. De Secondat, baron de Montesquieu. With corrections and additions communicated by the author.
260   $aLondon,$bPrinted for J. Nourse and P. Vaillant,$c1750.
300   $a2 v. ;$c21cm.
500   $aTranslated by Thomas Nugent.
500   $aTitle vignette.
500   $aGoldsmiths'-Kress no. 08573.2.
650  0$aPolitical science$vEarly works to 1800.
650  0$aState, The$vEarly works to 1800.
650  0$aLaw$xPhilosophy$vEarly works to 1800.
650  0$aJurisprudence$vEarly works to 1800.
650  0$aPolitical science.
650  0$aState, The.
650  0$aLaw$xPhilosophy.
650  0$aJurisprudence.
655  7$aEarly works.$2fast
700 1 $aNugent, Thomas,$d1700?-1772,$etr.
700 1 $aNugent, Thomas,$d1700?-1772,$etranslator.
700 1 $aNugent, Thomas,$d1700?-1772.
776 08$iOnline version:$aMontesquieu, Charles de Secondat, baron de, 1689-1755.$tSpirit of laws.$dLondon, Printed for J. Nourse and P. Vaillant, 1750$w(OCoLC)578198711
776 1 $cOriginal$w(DLC) 33032673
830  0$aMaking of the Modern World.$5net
988   $a20020608
906   $0OCLC

