LEADER 00821nam a2200253I  4500
001 004000644-1
005 20020606095253.2
008 790608s1960    oku      b    000 0 eng  
010   $a   61062549 /L
035 0 $aocm05047441
040   $aDLC$cAFU$dHLS
050   $aH31$b.O53 no.4
100 1 $aBaylen, Joseph O.
245 00$aMme. Juliette Adam, Gambetta, and the idea of a Franco-Russian Alliance.
260   $aStillwater,$bOklahoma State University,$c1960.
300   $a23 p.$c23 cm.
490 0 $aArts and sciences studies. Social studies series,$vno.4
500   $aOklahoma State University publication, v.57, no.15
504   $aIncludes bibliography.
600 10$aAdam, Juliette,$d1836-1936.
600 10$aGambetta, Léon,$d1838-1882.
630 00$aFranco-Russian Alliance.
988   $a20020608
906   $0DLC

