LEADER 00941nam a2200229I  4500
001 004000645-X
005 20020606095253.2
008 790608s1964    oku      b    000 0 eng  
010   $a   65065541 
035 0 $aocm05047746
040   $aDLC$cAFU$dHLS
050   $aH31$b.O53 no.13
100 1 $aBaylen, Joseph O.
245 10$aLord Kitchener and the Viceroyalty of India, 1910$c[by] Joseph O. Baylen.
260   $a[Stillwater, Okla.,$c1964 or 5]
300   $a28 p.$c23 cm.
490 0 $aOklahoma State University of Agriculture and Applied Science, Stillwater. Arts and sciences studies. Social science series,$vno. 13
500   $a"Delivered as a paper in the Modern European History Section at the Southern Historical Associations's annual meeting in Ashville, North Carolina, November 8, 1963."
504   $aBibliography: p. 21-28.
600 10$aKitchener, Horatio Herbert Kitchener,$cEarl,$d1850-1916.
988   $a20020608
906   $0DLC

