LEADER 00738cam a2200217I  4500
001 004000646-8
005 20020606095253.2
008 790611s1942    nyu           000 0 eng  
010   $a   42024859 
035 0 $aocm05055909
040   $aDLC$cAFU$dOCL$dHLS
050 0 $aHB236$b.U5 B33
082   $a338.526
100 1 $aBaruch, Bernard M.$q(Bernard Mannes),$d1870-1965.
245 10$aPreventing inflation;$bstatements and writings on controlling living costs and preventing inflation, Sept. 1941-Dec. 1941,$cby Bernard M. Baruch.
260   $aNew York,$bPrentice-Hall, inc.,$c1942.
300   $a31 p.$c24 cm.
650  0$aPrice regulation$zUnited States.
650  0$aInflation (Finance)$zUnited States.
988   $a20020608
906   $0DLC

