LEADER 01163cas a2200337   4500
001 004000647-6
005 20020606095253.2
008 790612d197919uunyuqr1p   o   0   a0eng d
010   $a   79643885 //r92$zsn 79007167 
016 7 $aA24100000$2DNLM
022 0 $a0193-1105
035 0 $aocm05059871
040   $aVRC$cVRC$dNSD$dDLC$dNSD$dDLC$dNSD$dNST$dSER$dAIP$dNSD$dNST$dDLC$dHMS
042   $ansdp$alc
050 00$aRG107$b.A47
060 0 $aW1 AM45NM
082   $a618/.05
210 0 $aAm. j. diagn. gynecol. obstet.
222  4$aThe American journal of diagnostic gynecology and obstetrics
245 04$aThe American journal of diagnostic gynecology and obstetrics.
260   $aNew York,$bMasson Pub.
300   $av.$bill.$c27 cm.
362 0 $av. 1- spring 1979-
510 1 $aExcerpta medica
650  2$aGenital Diseases, Female$xdiagnosis$xperiodicals
650  2$aPregnancy Complications$xdiagnosis$xperiodicals
650  0$aGenerative organs, Female$xDiseases$xDiagnosis$vPeriodicals.
650  0$aObstetrics$xDiagnosis$vPeriodicals.
785 00$tDiagnostic gynecology and obstetrics$x0196-9617
988   $a20020608
906   $0OCLC

