LEADER 00574nam a2200205I  4500
001 004000648-4
005 20020606095253.2
008 790620s1937    ctu           000 0 eng  
010   $a   38032674 
035 0 $aocm05086851
040   $aDLC$cVIC$dVIC$dHLS
050 0 $aCS71.W3$b1937
100 1 $aBeardsley, William Agur,$d1865-1946.
245 10$aNotes on some of the Warwicks of Virginia.
260   $a[New Haven, Conn.,$c1937]
300   $a19 p.$c23 cm.
500   $aIntroduction signed: William A. Beardsley.
600 30$aWarwick family.
988   $a20020608
906   $0DLC

