LEADER 01223nam a2200325I  4500
001 004000649-2
005 20020606095253.2
008 790622s1973    gs            000 0 rusr 
010   $a   73343059 
015   $aUSSR 73
020   $c0.40rub
035 0 $aocm05095637
040   $aDLC$cTJC$dTJC$dHLS
041 0 $aruseng
050   $aPN1031$b.B43
100 1 $aBegiashvili, A. F.$q(Archil Fedorovich)
245 10$aFilosofii︠a︡ i poėzii︠a︡.$bFilos. problemy poėtich. rechi.
246 3 $aPhilosophy and poetry.
260   $a[Tbilisi],$b"Met︠s︡niereba,"$c1973.
300   $a79 p.$c21 cm.
500   $aAt head of title: A. F. Begiashvili.
500   $aAdded t. p. in Georgian and English, English title : Philosophy and poetry.
500   $aOn leaf preceding t. p. Akademii︠a︡ nauk Gruzinskoĭ SSR. Institut filosofii.
500   $aSummary in English ; table of contents also in English.
500   $aRussian in Cyrillic script.
504   $aIncludes bibliographical references.
650  0$aPoetry.
776 08$iOnline version:$aBegiashvili, A.F. (Archil Fedorovich).$tFilosofii͡a i poėzii͡a.$d[Tbilisi], "Met͡sniereba," 1973$w(OCoLC)747138742
988   $a20020608
906   $0DLC

