LEADER 01105nam a2200229I  4500
001 004000650-6
005 20071015202605.0
008 790625s1912    fr a     b    000 0 fre d
035 0 $aocm05106690
040   $aKUK$cKUK$dHTV
050  4$aPQ2063.S3$bA6 1912
100 1 $aSade,$cmarquis de,$d1740-1814.
245 12$aL'œuvre du Marquis de Sade.$cPages choisies, comprenant des morceaux inédits et des lettres publiées pour la première fois, tirées des Archives de la Comédie-Française. Introd., essai bibliographique et notes, par Guillaume Apollinaire.
260   $aParis,$bBibliothèque des curieux,$c1912.
300   $a324 p.$billus., facsim., ports.$c23 cm.
490 1 $aLes Maitres de l'amour
504   $a"Essai bibliographique" : p. [57]-67.
505 0 $a--Zoloé.--Justine.--Histoire de Juliette.--La philosophie dans le boudoir.--Les crimes de l'amour.--Aline et Valcour.
776 08$iOnline version:$aSade, marquis de, 1740-1814.$tŒuvre du Marquis de Sade.$dParis, Bibliothèque des curieux, 1912$w(OCoLC)892036043
830  0$aMaîtres de l'amour.
988   $a20020608
906   $0OCLC

