LEADER 00772cam a2200253I  4500
001 004000651-4
005 20070901105645.0
008 790626s1968    it af    b    000 0 ita  
010   $a   77426097 
015   $aIt68-Nov
035 0 $aocm05107622
040   $aDLC$cCOO$dSER$dHTV
050 0 $aNA7756.V58$bB3
050 0 $aNA7756.V58$bB3 1968
100 1 $aBarbieri, Franco.
245 13$aLa Basilica palladiana.
260   $aVicenza,$bCentro internazionale di studi di architettura Andrea Palladio,$c1968.
300   $a138 p.$billus., 46 plates,$c34 cm.
440  0$aCorpus Palladianum,$vv. 2
504   $aBibliography: p. [121]-129.
600 10$aPalladio, Andrea,$d1508-1580.
610 10$aVicenza (Italy).$bPalazzo della Ragione.
988   $a20020608
906   $0DLC

