LEADER 00906nam a2200265I  4500
001 004000653-0
005 20090712174408.0
008 790705s1931    ie            000 0 gle  
010   $a   48031646 
035 0 $aocm05142053
040   $aDLC$cMNT$dHLS
043   $ae-ie---
050 0 $aPB1399.B4$bB4
100 1 $aBéaslaí, P. S.$q(Piaras S.),$d1881-1965.
245 13$aAn bhean chródha, dráma cheithre mír.$cPiaras Béaslaí do scríobh.
260   $aBaile Átha Cliath,$bOifig díolta foillseacháin rialtais,$c1931.
300   $a89 p., 1 ℓ.$c19 cm.
500   $aAn incident in the vicinity of Cork at the outbreak of the rebellion of 1641.
651  0$aIreland$xHistory$yRebellion of 1641$xDrama.
655  7$aDrama.$2fast
655  7$aHistory.$2fast
700 1 $aBeasley, Pierce,$d1883-$e1883-
700 1 $aBéaslaí, P. S.$q(Piaras S.),$d1881-1965.
988   $a20020608
906   $0DLC

