LEADER 00967nam a2200253Ii 4500
001 004000654-9
005 20020606095253.2
008 790706s1838    enkh     b    000 0dlat d
035 0 $aocm05144946
040   $aVPI$cVPI$dHLS
050 0 $aBR746$b.B4 1838
100 0 $aBede,$cthe Venerable, Saint,$d673-735
245 10$aVenerabilis Bedae Historia ecclesiastica gentis Anglorum /$cad fidem codicum manuscriptorum recensuit Josephus Stevenson.
246 3 $aHistoria ecclesiastica gentis Anglorum.
260   $aLondoni :$bSumptibus Societatis,$c1838.
300   $axxxv, 424 p., [2] leaves of plates : facsims. ;$c24 cm.
490 1 $aHis Opera historica ;$vt. 1
500   $aIntroduction in English.
504   $aIncludes bibliographical references.
651  0$aGreat Britain$xChurch history$y449-1066.
700 1 $aStevenson, Joseph,$d1806-1895.
800 0 $aBede,$cthe Venerable, Saint,$d673-735.$tOpera historica ;$vt. 1.
988   $a20020608
906   $0OCLC

