LEADER 00773ccm a2200217I  4500
001 004000655-7
005 20020606095253.2
008 790709s1858    nyuhy          n    eng  
010   $a   45044969 
035 0 $aocm05149949
040   $aDLC$cTXS$dOCL$dHLS
050   $aM2122.B4$bP5 1858
245 04$aThe Baptist hymn and tune book:$cbeing "The Plymouth collection," enlarged, and adapted to the use of Baptist churches ...
260   $aNew York,$bSheldon, Blakeman & co.;$aChicago,$bS. C. Griggs & co.,$c1858.
300   $alii, 521 p.$c22 cm.
500   $aPreface signed: John Stanford Holme; originally compiled by Beecher.
650  0$aBaptists$xHymns.
650  0$aHymns, English.
700 1 $aHolme, John Stanford,$d1822-1884,$eed.
988   $a20020608
906   $0DLC

