LEADER 00680nam a2200217Ii 4500
001 004000656-5
005 20020606095253.2
008 790718s1874    enka          001 0 eng d
035 0 $aocm05183785
040   $aIBC$cIBC$dHLS
043   $ae-uk---
090   $aKD5729$b.B38
100 1 $aBaxter, R. Dudley$q(Robert Dudley),$d1827-1875.
245 10$aLocal government and taxation :$band Mr. Goschen's report /$cby R. Dudley Baxter.
260   $aLondon :$bR.J. Bush,$c1874.
300   $a104 p., 1 fold. leaf :$bgraph ;$c22 cm.
500   $aIncludes index.
650  0$aLocal taxation$zGreat Britain.
650  0$aReal property tax$zGreat Britain.
988   $a20020608
906   $0OCLC

