LEADER 00673nam a2200193I  4500
001 004000657-3
005 20020606095253.2
008 790720s1702    enk           000 0 eng d
035 0 $aocm05193226
040   $aTYC$cTYC$dHHG
090   $aBX5133$b.A5
100 1 $aAltham, Roger,$d1658-1730.
245 12$aA sermon preach'd before the right honourable the Lord Mayor;$baldermen and citizens of London, at the cathedral church of St. Paul, on January 30th, 1702 ...$cby R. Altham.
260   $aLondon,$bPrinted by T. Warren for T. Bennet,$c1702.
300   $a23 p.$c22 cm.
610 20$aChurch of England$xSermons.
650  0$aSermons, English.
988   $a20020608
906   $0OCLC

