LEADER 00771nam a2200217I  4500
001 004000658-1
005 20020606095253.2
008 790720s1702    enk           000 0 eng d
035 0 $aocm05193244
040   $aTYC$cTYC$dHHG
043   $ae-uk-en
050  4$aBV4261$b.A5
090   $aBV4261$b.A5
100 1 $aAltham, Roger,$d1658-1730.
245 14$aThe just and pious magistrate;$ba sermon preach'd at St. Lawrence's church, September the 29th, 1702, being the day of election for the right honourable the Lord-Mayor,$cby R. Altham.
260   $aLondon,$bPrinted by J. L. for W. Kettilby,$c1702.
300   $a24 p.$c22 cm.
500   $aAdded title on preliminary leaf: Dr. Altham's sermon ...
650  0$aElection sermons$zEngland.
988   $a20020608
906   $0OCLC

