LEADER 00649nam a22002051i 4500
001 004000659-X
005 20020606095253.2
008 790514s1962    gw a          000 0 ger  
010   $a   75543397 
035 0 $aocm05195864
040   $aDLC$cDLC$dHLS
050 0 $aNC1509.B37$bA56
100 1 $aBauer, Rolf Peter,$d1912-1960.
245 10$aUnterwegs karikiert :$bvon Adenauer bis Weiss Ferdl /$cR. P. Bauer.
260   $aMünchen :$bA. Langen G. Müller,$c[1962]
300   $a74 p. :$bchiefly ill. ;$c19 cm.
650  0$aBiography$y20th century$xCaricatures and cartoons.
650  0$aGerman wit and humor, Pictorial.
988   $a20020608
906   $0DLC

