LEADER 01513nam a2200313 a 4500
001 004000660-3
005 20070901105645.0
008 820804s1928    enk           000 0 eng  
010   $a   82461612 //r95
035 0 $aocm05198207
040   $aDLC$cDLC$dHTV
041 1 $aengger
050 00$aBF315$b.J8 1928b
082 00$a150.19/54$219
100 1 $aJung, C. G.$q(Carl Gustav),$d1875-1961.
240 10$aUnbewusste im normalen und kranken Seelenleben.$lEnglish
245 10$aTwo essays on analytical psychology /$cby C.G. Jung ; authorized translation by H.G. and C.F. Baynes.
260   $aLondon :$bBaillière, Tindall and Cox,$c1928.
300   $axvi, 280 p. ;$c22 cm.
500   $aThe first essay is a translation of: Das Unbewusste im normalen und kranken Seelenleben, the 3rd rev. and enl. ed. (1926) of Die Psychologie der unbewussten Prozesse.
500   $aThe second essay was published in German in 1928 under title: Die Beziehungen zwischen dem Ich und dem Unbewussten. It is based on Jung's article La structure de l'inconscient, published in Archives de psychologie.
505 0 $aThe unconscious in the normal and pathological mind -- The relation of the ego to the unconscious.
650  0$aSubconsciousness.
650  0$aPsychoanalysis.
700 1 $aBaynes, H. G.$q(Helton Godwin),$d1882-1943.
700 1 $aBaynes, Cary F.
700 12$aJung, C. G.$q(Carl Gustav),$d1875-1961.$tBeziehungen zwischen dem Ich und dem Unbewussten.$lEnglish.$f1928.
988   $a20020608
906   $0DLC

