LEADER 00631nam a2200193Ii 4500
001 004000661-1
005 20020606095253.2
008 790724s1965    it       b    000 0 ita d
035 0 $aocm05201726
040   $aDCU$cDCU$dHLS
090   $aB2898$b.B348
100 1 $aBausola, Adriano.
245 10$aMetafisica e rivelazione nella filosofia positiva di Schelling /$cAdriano Bausola.
260   $aMilano :$bSocietá Editrice Vita e Pensiero,$c1965.
300   $a225 p. ;$c21 cm.
504   $aIncludes bibliographical references and index.
600 10$aSchelling, Friedrich Wilhelm Joseph von,$d1775-1854.
988   $a20020608
906   $0OCLC

