LEADER 01093nam a2200301I  4500
001 004000662-X
005 20020606095253.2
008 790724s1952    ua       b    001 0 fre c
010   $aa  56003481 
035 0 $aocm05202459
040   $aYale Univ. Library$cUPM$dHLS
043   $af-ua---
050 0 $aDT92$b.B3
100 1 $aBataille, A.$q(André)
245 14$aLes Memnonia;$brecherches de papyrologie et d'épigraphie grecques sur la nécropole de la Thèbes d'Égypte aux époques hellénistique et romaine.
260   $aLe Caire,$c1952.
300   $axv, 328 p.$c25 cm.
440  0$aPublications de l'Institut française d'archéologie orientale
440  0$aRecherches d'archéologie, de philologie et d'histoire,$vt. 23
502   $aThesis--Paris.
504   $aBibliography: p. [xi]-xv.
650  0$aFuneral rites and ceremonies$zEgypt.
651  0$aThebes (Egypt : Extinct city)$xAntiquities.
651  0$aEgypt$xHistory$yGreco Roman period, 332 B.C.-640 A.D.
651  0$aThebes (Egypt : Extinct city)
655  7$aHistory.$2fast
988   $a20020608
906   $0OCLC

