LEADER 00885nam a2200205I  4500
001 004000663-8
005 20020606095253.2
008 790725s1643    enk           000 0 eng  
010   $a   08029549 
035 0 $aocm05206529
040   $aDLC$cCIN$dCIN$dHVL
050   $aDA400$b.P7
100 1 $aPrynne, William,$d1600-1669.
245 14$aThe doome of cowardize and treachery,$bor, A looking-glasse for cowardly or corrupt governours, and souldiers, who through pusillanimity or bribery, betray their trusts... Containing certaine domestick lawes, heretofore, lately made, and judgements given against such timorous and treacherous persons...$cBy William Prynne.
246 3 $aDoom of cowardice and treachery.
260   $aLondon,$bM. Spark senior,$c1643.
300   $a[2], 20 p.$c24 cm.
651  0$aGreat Britain$xHistory$yCharles I, 1625-1649$xSources.
988   $a20020608
906   $0DLC

