LEADER 00620cam a2200193Ii 4500
001 004000664-6
005 20020606095253.2
008 790728s1844    dcu           000 0 eng d
035 0 $aocm05218464
040   $aRRR$cRRR$dHLS
090   $aE416$b.W4 no.45
100 1 $aBeardsley, Samuel,$d1790-1860.
245 10$aRemarks of Mr. Beardsley, of New York, on the right of petition :$bdelivered in the House of Representatives, January 5, 1844.
260   $aWashington :$bPrinted at the Globe Office,$c1844.
300   $a8 p. ;$c25 cm.
500   $aCover title.
650  0$aPetition, Right of.
988   $a20020608
906   $0OCLC

