LEADER 01125cam a2200289 i 4500
001 004000665-4
005 20071015202606.0
008 790604s1964    it af    bc   000 0 ita  
010   $a   79346114 //r862
015   $aIt***
035 0 $aocm05221539$zocm02376610$zocm26002953$zocm27441088
035 0 $aocm05221539
040   $aDLC$cDLC$dOCL$dHTV
050 0 $aNC27.I8$bF55 no. 19$aNC263.H8
050 0 $aNC27.I8$bF55 no.19 1964
082   $a760/.074/0551 s$a741.9/492
110 2 $aGabinetto disegni e stampe degli Uffizi.
245 10$aMostra di disegni di D. P. Humbert de Superville :$bcatalogo /$ca cura di Anna Maria Petrioli ; saggio introduttivo di Giovanni Previtali.
260   $aFirenze :$bL. S. Olschki,$c1964.
300   $a67 p., [2] [19] leaves of plates :$bill. ;$c23 cm.
490 1 $aCatalogo - Gabinetto disegni e stampe degli Uffizi ;$v19
504   $aBibliography: p. [69]
600 10$aHumbert de Superville, David Pierre Giottino,$d1770-1849.
700 1 $aPetrioli Tofani, Annamaria.
830  0$aCataloghi (Gabinetto disegni e stampe degli Uffizi) ;$v19.
988   $a20020608
906   $0DLC

