LEADER 00807nam a2200205Ii 4500
001 004000666-2
005 20020606095253.2
008 790801s1935    ne            000 0 dut d
035 0 $aocm05229842
040   $aAZU$cAZU$dHLS
090   $aB4051.B4$bA5
100 1 $aBeerling, Reinier Franciscus,$d1905-
245 10$aAntithesen :$bvier studies /$cR. F. Beerling ; met een voorwoord van J. Huizinga.
260   $aHaarlem :$bH. D. T. Willink,$c1935.
300   $a310 p. ;$c24 cm.
505 0 $aGoethe als denker.--Prolegomena tot een historisch perspectivisme.--Aspecten van het denken in de negentiende en twintigste eeuw.--De existentiephilosophie van M. Heidegger.
600 10$aGoethe, Johann Wolfgang von,$d1749-1832$xPhilosophy.
600 10$aHeidegger, Martin,$d1889-1976.
988   $a20020608
906   $0OCLC

