LEADER 00706nam a2200217Ii 4500
001 004000667-0
005 20020606095253.2
008 790803s1666    enka          000 0 fre d
035 0 $aocm05235836
040   $aLCI$cLCI$dHVL
090   $aHV8074$b.R38 1666
100 1 $aRaveneau, Jacques.
245 10$aTraité des inscriptions en faux et reconnoissances d'escritures & signatures par comparaison & autrement /$cpar Jacques Raveneau.
260   $aParis :$bChez T. Jolly,$c1666.
300   $a215 p. :$bill. ;$c16 cm.
500   $a"Dedié a Monseigneur de Lamoignon, premier president."
650  0$aWriting$xIdentification.
650  0$aForgery.
650  0$aGraphology.
988   $a20020608
906   $0OCLC

