LEADER 00637nam a2200229I  4500
001 004000668-9
005 20070901105648.0
008 790807s1955    it cf         000 0 ita c
010   $aa  56005501 
035 0 $aocm05249351
040   $aHarvard Univ. Library$cLRU$dHTV
050 14$aNB623.D75$bL8
100 1 $aDossena, Alceo,$d-1937.
245 00$aAlceo Dossena,$bscultore.$cA cura di Walter Lusetti.
250   $a[1. ed.]
260   $aRoma,$bDe Luca$c[1955]
300   $a23 p.$b51 plates, port.$c24 cm.
600 10$aDossena, Alceo,$d-1937.
650  0$aArt$xForgeries.
700 1 $aLusetti, Walter.
988   $a20020608
906   $0MH

