LEADER 01074cam a2200277 a 4500
001 004000669-7
005 20150330172057.0
008 790821m19271942nyua          001 0 eng d
035 0 $aocm05295435
040   $aVIC$cVIC$dOCL$dHLS
043   $an-us---
090   $aE169.1$b.B32
100 1 $aBeard, Charles Austin,$d1874-1948.
245 14$aThe rise of American civilization /$cby Charles A. Beard & Mary R. Beard ; decorations by Wilfred Jones.
260   $aNew York :$bMacmillan,$c1927-1942.
300   $a4 v. :$bill. ;$c22-23 cm.
505 0 $avol. 1. The agricultural era -- v. 2. The industrial era -- v. 3. America in midpassage -- v. 4. The American spirit.
651  0$aUnited States$xCivilization.
655  7$aManuscripts in books.$2local$5hou
655  7$aAnnotations (Provenance).$2rbprov$5hou
700 1 $aBeard, Mary Ritter,$d1876-1958.
700 1 $aJones, Wilfred,$d1888-1968.$eill.
700 1 $aCummings, E. E.$q(Edward Estlin),$d1894-1962,$eformer owner.$5hou
752   $aUnited States$bNew York$dNew York.
988   $a20020608
906   $0OCLC

