LEADER 00926nam a2200277I  4500
001 004000670-0
005 20020606095253.2
008 790829m1950    ag acf        000 0 spa  
010   $a   53030612 
035 0 $aocm05322614
040   $aDLC$cAZS$dAZS$dHLS
043   $as-ag---
050 0 $aZ997$b.B398
082   $a018.2
100 1 $aBecu, Teodoro,$d1890-1946.
245 10$aCatálogo de la Biblioteca Teodoro Becú.
260   $aBuenos Aires,$c1950-
300   $av.$billus. (part col.) ports., facsims. (part col.)$c24 cm.
500   $aCompiled by Raúl Rosarivo.
650  0$aPrivate libraries$zArgentina$vCatalogs.
655  7$aCatalogs.$2fast
700 1 $aRosarivo, Raúl Mario,$ecomp.
700 1 $aRosarivo, Raúl Mario,$ecompiler.
776 08$iOnline version:$aBecu, Teodoro, 1890-1946.$tCatálogo de la Biblioteca Teodoro Becú.$dBuenos Aires, 1950-$w(OCoLC)656500232
988   $a20020608
906   $0DLC

