LEADER 00919nam a2200241Ii 4500
001 004000672-7
005 20090712174409.0
008 790830m19331934ie            000 0dgle d
035 0 $aocm05327919
040   $aMNT$cMNT$dHLS
050  4$aPB1331$b.B4
090   $aPB1331$b.B4
100 1 $aBéaslaí, P. S.$q(Piaras S.),$d1881-1965.
245 10$aÉigse nua-Ġaeḋilge :$btráctas ar ḟilíḃ agus ar ḟiliḋeacṫ na Gaeḋilge ó 1600 go dtí 1850 /$cPiaras Béaslaí do ċum.
246 3 $aEigse nua-Ghaedlige.
260   $aBaile Áṫa Cliaṫ :$bCóṁluċt Oideaċais na hÉireann,$c[1933-1934]
300   $a2 v. ;$c19 cm.
504   $a"Leaḃair agus irisleaḃair": v. 1, p. 144-148; v. 2, p. 244-248.
505 0 $aCuid a hAon (1600-1700).--Cuid a Dó (1700-1850).
650  0$aIrish poetry$xHistory and criticism.
655  7$aCriticism, interpretation, etc.$2fast
988   $a20020608
906   $0OCLC

