LEADER 00668nam a2200229I  4500
001 004000673-5
005 20050624125345.0
008 790907m18281837gw       b    000 0 ger  
010   $a   36028930 
035 0 $aocm05348829
040   $aDLC$cLUL$dHVL
100 1 $aPuchta, Georg Friedrich,$d1798-1846.
245 14$aDas gewohnheitsrecht.$cVon dr. Georg Friedrich Puchta.
260   $aErlangen,$bPalm,$c1828-37.
300   $a2 v. in 1.$c21 cm.
504   $aIncludes bibliographies.
650  0$aCustomary law.
650  0$aEcclesiastical law.
650  0$aCanon law.
700 1 $aPound, Roscoe,$d1870-1964$eformer owner.$4fmo$5law
988   $a20020608
906   $0DLC

