LEADER 01243nam a2200301I  4500
001 004000674-3
005 20020606095253.2
008 790911s1973    ru       b    000 0 rus  
010   $a   73035593 
035 0 $aocm05362513
040   $aDLC$cJNA$dHLS
043   $aa------$ae-ur---
050   $aPJ7.M63$bB3
100 1 $aBazii︠a︡nt︠s︡, A. P.$q(Ashot Padvakanovich)
245 10$aLazarevskiĭ institut v istorii otechestvennogo vostokovedenii︠a︡.
260   $aMoskva,$b"Nauka,"$c1973.
300   $a224 p.$c20 cm.
500   $aAt head of title: Akademii︠a︡ nauk SSSR. Institut vostokovedenii︠a︡. A. P. Bazii︠a︡nt︠s︡.
500   $aIn Cyrillic characters.
504   $aBibliography: p. 209-[218]
610 10$aMoscow (Russia).$bInstitut vostokovedenii︠a︡.
610 20$aLazarevskīĭ institut vostochnykh i͡azykov$xHistory.
651  0$aAsia$xStudy and teaching$zSoviet Union$xHistory.
655  7$aHistory.$2fast
710 2 $aInstitut vostokovedenii͡a (Akademii͡a nauk SSSR)
776 08$iOnline version:$aBazii͡ant͡s, A.P. (Ashot Padvakanovich).$tLazarevskiĭ institut v istorii otechestvennogo vostokovedenii͡a.$dMoskva : "Nauka," 1973$w(OCoLC)654679736
988   $a20020608
906   $0DLC

