LEADER 00681cam a2200205Ii 4500
001 004000675-1
005 20020606095253.2
008 790925s1970    ru ac         000 0brusrd
035 0 $aocm05422452
040   $aWAU$cWAU$dWAU$dHLS
050  4$aPG3476.B34$bZ53
090   $aPG3476.B34$bZ53
100 1 $aBazhova, A. P.$q(Ariadna Pavlovna)
245 10$aDom na uglu :$bvospominanii︠a︡ o moem ott︠s︡e /$cA.P. Bazhova-Gaĭdar.
260   $aSverdlovsk :$bSredne-Ural'skoe knizhnoe izd-vo,$c1970.
300   $a87 p. :$bill., ports. ;$c17 cm.
490 0 $aZamechatel'nye li︠u︡di Urala
600 10$aBazhov, P. P.$q(Pavel Petrovich),$d1879-1950.
988   $a20020608
906   $0OCLC

