LEADER 01064nam a2200349I  4500
001 004000677-8
005 20070901105648.0
008 790926s1945    it c     b    001 0 ita c
010   $aa  46001279 
035 0 $aocm05426533
040   $aHarvard Univ. Library$cKUK$dKUK$dHLS
050 0 $aHV8661$b.B2 1945
082   $a343
100 1 $aBeccaria, Cesare,$cmarchese di,$d1738-1794.
245 10$aDei delitti e delle pene,$ca cura di Piero Calamandrei.
260   $aFirenze,$bF. Le Monnier,$c1945.
300   $a387, [1] p.$bincl. front. (port.)$c17 cm.
490 0 $aCollezione in ventiquattresimo
500   $aAt head of title: Cesare Beccaria.
504   $a"Nota bibliografica" : p. [131]-132.
650  0$aCriminal law.
650  0$aCrime.
650  0$aPunishment.
650  0$aCapital punishment.
650  0$aTorture.
650  0$aLaw reform.
650  0$aCriminals.
650  0$aCriminology.
700 1 $aCalamandrei, Piero,$d1889-1956,$eed.
700 1 $aCalamandrei, Piero,$d1889-1956,$eeditor.
988   $a20020608
906   $0MH

