LEADER 00680cam a2200193I  4500
001 004000678-6
005 20020606095253.2
008 790926s1831    nyu           000 0 eng  
010   $a   03006895 
035 0 $aocm05426591
040   $aDLC$cSMI$dSMI$dTJM$dHLS
050 0 $aQD30$b.B39
100 1 $aBeck, Lewis C.$q(Lewis Caleb),$d1798-1853.
245 12$aA manual of chemistry;$bcontaining a condensed view of the present state of the science, with ... references to more extensive treatises, original papers, &c. ...$cBy Lewis C. Beck.
260   $aAlbany,$bWebster and Skinners,$c1831.
300   $axii, [13]-458 p.$c19 cm.
650  0$aChemistry.
988   $a20020608
906   $0DLC

