LEADER 01134cam a2200289Ia 4500
001 004000680-8
005 20020606095253.2
008 790929s1807    enk      b    000 0deng d
035 0 $aocm05439165
040   $aCLE$cCLE$dMUU$dHVL
050  4$aDA536.P28$bR4 1807
090   $aDA536.P28$bR4 1807
100 1 $aPaull, James,$d1770-1808.
245 12$aA refutation of the calumnies of John Horne Tooke, including a complete exposure of the recent occurences between Sir Francis Burdett and Mr. Paull :$bin a letter to the electors of Westminster /$cby James Paull, Esq.
260   $aLondon :$bPrinted by J. M'Creery for C. Chapple,$c1807.
300   $a219 p. ;$c21 cm.
500   $aAdvertisement at end.
501   $aWith this is bound: Mason, John. Memoir of the case of St. John Mason, Esq. 1807.
504   $aIncludes bibliographical references.
510 4 $aNSTC$cP753
510 4 $aNUC pre-1956$cNP152997
600 10$aPaull, James,$d1770-1808.
600 10$aTooke, John Horne,$d1736-1812.
600 10$aBurdett, Francis,$cSir,$d1770-1844.
600 10$aBurdett, Francis,$d1770-1844.
988   $a20020608
906   $0OCLC

