LEADER 01195nam a2200265I  4500
001 004000681-6
005 20020606095253.2
008 791001s1815    fr            000 0 fre  
010   $a   04012512 
035 0 $aocm05454600
040   $aDLC$cIUL$dHVL
043   $ae-fr---
045   $av9v9
050   $aDC183.8$b.R86
100 1 $aRoussel, Pierre Joseph Alexis,$d1759-1815.
245 10$aHistoire secrète du Tribunal révolutionnaire,$bcontenant des détails curieux sur sa formation, sur sa marche, sur le gouvernement révolutionnaire ...$cPar m. de Proussinalle [pseud.] ...
260   $aParis,$bLerouge,$c1815.
300   $a2 v.$c20 cm.
500   $aPublished anonymously.
500   $a"Ce livre a été reproduit, avec le véritable nom de l'auteur, sous ce titre: ʻHistoire des tribunaux criminels extraordinaires, révolutionnaires et commissions militaires ̓, créés pendant les années 1792-93-94 et 1795. Seconde édition."--Quérard, Superchéries littéraires dévoilées.
610 10$aFrance.$bTribunal révolutionnaire.
651  0$aFrance$xHistory$yRevolution, 1789-1799.
651  0$aFrance$xPolitics and government$y1789-1799.
988   $a20020608
906   $0DLC

