LEADER 01035nam a2200265I  4500
001 004000682-4
005 20020606095253.2
008 791003s1823    enk           000 0 eng  
010   $a   09023893 
035 0 $aocm05463585
040   $aDLC$cZLM$dHVL
041 1 $aengfre
050 0 $aJC179$b.M74 1823
100 1 $aMontesquieu, Charles de Secondat,$cbaron de,$d1689-1755.
245 14$aThe spirit of laws.$cBy M. de Secondat, baron de Montesquieu. Tr. from the French by Thomas Nu︠gent.
250   $aA new ed., carefully rev.$band compared with the best Paris ed. To which are prefixed a memoir of the life and writings of the author; and an analysis of the work by M. d'Alembert. In two volumes.
260   $aLondon,$bPrinted for J. Collingwood [etc. by T. C. Hansard]$c1823.
300   $a2 v.$bfront. (port.)$c22 cm.
650  0$aPolitical science.
650  0$aState, The.
650  0$aLaw$xPhilosophy.
650  0$aJurisprudence.
700 1 $aAlembert, Jean Le Rond d',$d1717-1783.
988   $a20020608
906   $0DLC

