LEADER 01292cas a2200397 a 4500
001 004000683-2
005 20020606095253.2
008 791004d19371978nyumr1p       0   a0eng d
010   $a   31032305 //r83
022 0 $a0033-8761
035 0 $aocm05465534
040   $aNRC$cNRC$dNYG$dDLC$dNSD$dDLC$dAIP$dNSD$dIUL$dDLC$dHBS
042   $alc$ansdp
050 00$aAP2$b.R182
082   $a051
082   $a051$219
210 0 $aRailr. mag.
222  0$aRailroad magazine
245 00$aRailroad magazine.
260   $a[New York, N. Y. :$bFrank A. Munsey Co.,
300   $av. :$bill. ;$c28 cm.
310   $aMonthly
362 1 $aBegan with: Vol. 22, no. 4 (Sept. 1937); ceased with v. 104 (Oct. 1978).
500   $aTitle from cover.
500   $aDescription based on: Vol. 25, no. 6 (May 1939).
510 2 $aReference sources$x0163-3546
580   $aMerged with: Railfan, to form: Railfan & railroad.
650  0$aRailroads$y1930-
690  9$aRailroads in literature$xColl.$5wid
690  9$aRailroads$xPeriodicals.$5wid
730 0 $aRailroad man's magazine (1929-1932)
780 00$tRailroad stories$w(OCoLC)7865826
785 17$tRailfan$x0098-0714
785 17$tRailfan & railroad$x0163-7266$w(DLC) 79644079$w(O CoLC)4455820
988   $a20020608
906   $0OCLC

