LEADER 00601cam a2200217I  4500
001 004000684-0
005 20070901105648.0
008 791004s1941    xx ae    b    000 0 ger  
010   $a   53051567 
035 0 $aocm05466484
040   $aDLC$cEEM$dHTV
050 0 $aNA1123.P2$bP4 1941
100 1 $aPée, Herbert.
245 14$aDie Palastbauten des Andrea Palladio.
250   $a2. Aufl.
260   $aWürsburg-Aumühle,$bK. Triltsch,$c1941.
300   $avii, 174 p.$billus, plans.$c25 cm.
504   $aBibliography: p. 174.
600 10$aPalladio, Andrea,$d1508-1580.
988   $a20020608
906   $0DLC

