LEADER 00810nam a2200229I  4500
001 004000686-7
005 20020606095253.2
008 791011s1916    ag            000 0 spa  
010   $a   17011387 
035 0 $aocm05516523
040   $aDLC$cNOC$dHLS
043   $as-ag---$an-us---
050 0 $aJL2041$b.B4
100 1 $aBecú, Carlos Alfredo,$d1880-
245 13$aLa elección presidencial,$bestudio de derecho constitucional y político.
260   $aB[ueno]s Aires,$bEdición de "La Epoca,"$c1916.
300   $a128 p.$c19 cm.
650  0$aPresidents$zUnited States$xElection.
650  0$aPresidents$zArgentina$xElection.
776 08$iOnline version:$aBecú, Carlos Alfredo, 1880-$tElección presidencial.$dB[ueno]s Aires, Edición de "La Epoca", 1916$w(OCoLC)888522850
988   $a20020608
906   $0DLC

