LEADER 01243cam a2200265I  4500
001 004000687-5
005 20070901105648.0
008 791012s1929    gw af         000 0 ger  
010   $a   31002511 
035 0 $aocm05521209
040   $aDLC$cNDD$dNDD$dHTV
043   $af-ua---
050 0 $aNB75$b.E8
050 0 $aNB75$b.E8 1929
082   $a732
100 1 $aEvers, Hans Gerhard,$d1900-
245 10$aStaat aus dem Stein;$bDenkmäler, Geschichte und Bedeutung der ägyptischen Plastik während des Mittleren Reichs.$cHans Gerhard Evers.
260   $aMünchen,$bF. Bruckmann$c[1929]
300   $a2 v.$billus., plates.$c29 cm.
500   $a"Der erste Band bringt die Denkmäler und den Haupttext, in dem die Geschichte und die Bedeutung der Plastik im Mittleren Reich behandelt werden. Er ist in sich abgeschlossen. Der zweite Band enthält die archäologischen Untersuchungen, Datierungen und Anmerkungen, in denen die im Haupttext verarbeiteten Ergebnisse begründet werden."
505 0 $aBd.1. Die Denkmäler. -- Bd.2. Die Vorarbeiten.
650  0$aSculpture$zEgypt.
776 08$iOnline version:$aEvers, Hans Gerhard, 1900-$tStaat aus dem Stein.$dMünchen, F. Bruckmann [1929]$w(OCoLC)559824503
988   $a20020608
906   $0DLC

