LEADER 01235nam a2200337Ii 4500
001 004000688-3
005 20020606095253.2
008 791015s1792    ie       b    001 0 eng d
035 0 $aocm05524500
040   $aEYR$cEYR$dHVL
041 1 $aengfre
050  4$aJC179$b.M74 1792
090   $aJC179$b.M74 1792
100 1 $aMontesquieu, Charles de Secondat,$cbaron de,$d1689-1755.
245 14$aThe spirit of laws /$cTranslated from the French of M. De Secondat, Baron de Montesquieu, by Thomas Nugent.
250   $a6th ed. /$bcarefully rev. and improved with considerable additions by the author.
260   $aDublin :$bPrinted for W. M'Kenzie and J. Moore,$c1792.
300   $a2 v. in 1.$c21 cm.
504   $aIncludes bibliographical references and index.
650  0$aPolitical science$vEarly works to 1800.
650  0$aState, The$vEarly works to 1800.
650  0$aLaw$xPhilosophy$vEarly works to 1800.
650  0$aJurisprudence$vEarly works to 1800.
650  0$aPolitical science.
650  0$aState, The.
650  0$aLaw$xPhilosophy.
650  0$aJurisprudence.
700 1 $aNugent, Thomas,$d1700?-1772,$etr.
700 1 $aNugent, Thomas,$d1700?-1772,$etranslator.
988   $a20020608
906   $0OCLC

