LEADER 01499cam a2200385Ia 4500
001 004000689-1
005 20020606095253.2
008 791015s1647    ne            001 0 lat u
035 0 $aocm05525331
040   $cATO$dEYM$dHVL
100 1 $aPérez, Antonio,$d1583-1673.
240 10$aInstitutiones imperiales erotematibus distinctae.$f1647
245 10$aAntoni Perezi ... Institutiones imperiales, erotematibus distinctae, :$batque ex ipsis principiis regulisque juris, passim insertis explicatae.
250   $aEditio sexta.
260   $aAmsterodami, :$bApud Ludovicum Elzevirium,$c1647.
300   $a[16], 603, [5] p. ;$c14 cm. (12mo)
500   $aThis edition, the 6th of Pérez' work, is the first of 5 eds. rendered by the Elzeviers. Cf. Willems.
500   $aAdded engraved t.p.
500   $aImprint date in roman numerals.
500   $aPrinter's device on t.p.: Minerva.
500   $aTailpiece; initials.
500   $aBlanks: prelim. p. [2], [4], [16].
500   $aErrors in paging: nos. 218-219 omitted; nos. 240-241 repeated; p. 428 misprinted 248.
500   $aIncludes index.
510 4 $aCopinger, H.B. Elzevier Press,$c3564
510 4 $aWillems, A. Elzevier,$c1053
510 4 $aBerghman, G. Impressions Elzeviriennes,$c281
510 4 $aRahir, E. Les Elzevier,$c1061
650  0$aCivil law.
650  0$aRoman law.
700 1 $aRourke,$eformer owner.
700 1 $aBlair,$eformer owner.
730 0 $aInstitutiones.
988   $a20020608
906   $0MH

