LEADER 01051nam a2200253Ii 4500
001 004000690-5
005 20020606095253.2
008 791017s1910    sp h     b    000 0 cat d
035 0 $aocm05532517
040   $aCSL$cCSL$dHLS
090   $aZ6620.S7$bB44118 1910
100 1 $aBeer, Rudolf,$d1863-1913.
240 10$aHandschriften des Klosters Santa Maria de Ripoll.$lCatalan.
245 14$aLos manuscrits del monastir de Santa María de Ripoll /$cper lo Dr. Rudolf Beer ; traducció del alemany den Pere Barnils y Giol.
260   $aBarcelona :$bEstampa de la Casa Provincial de Caritat,$c1910.
300   $a173 p., [8] leaves of plates :$bfacsims. ;$c28 cm.
500   $a"Extret del Boletín de la Real Academia de Buenas Letras de Barcelona, tomo V."
500   $aTranslation of Die Handschriften des Klosters Santa Maria de Ripoll.
504   $aIncludes bibliographical references.
610 20$aMonestir de Santa Maria de Ripoll.
650  0$aManuscripts$zSpain.
700 2 $aBarnils y Giol, Pedro,$d1882-
988   $a20020608
906   $0OCLC

