LEADER 03717cam a2200697 a 4500
001 004000692-1
005 20070312170237.0
008 791024s1671    enki     d    001 0 eng  
010   $a   07028063 //r22
035 0 $aocm05583887
035 0 $aocm05583887$zocm15480360
040   $aDLC$edrcb$cCLE$dSLU$dOCL$dHVL$dMH-L
041 1 $aeng$aroa$hroa
043   $ae-uk---
100 1 $aRastell, John,$d-1536.
240 10$aExpositiones terminorum Legum Anglorum.$lEnglish & Anglo Norman
245 04$aLes termes de la ley, or, Certain difficult and obscure words and terms of the common laws and statutes of this realm now in use expounded and explained.
246 3 $aCertain difficult and obscure words and terms of the common laws and statutes of this realm now in use expounded and explained
246 17$aExposition of the law-terms
250   $aNewly corrected and enlarged. /$bWith an addition of above one hundred words.
260   $aLondon, :$bPrinted by John Streater, James Flesher, and Henry Twyford, assigns of Richard Atkins and Edward Atkins, esquires and are to be sold by George Sawbridge, John Place, John Bellinger, William Place, Thomas Bisset, Robert Pawlet, Christopher Wilkinson, Thomas Dring, William Jacob, Allan Banks, Ch: Harper, John Amery, John Pool, John Leigh.,$cAn. 1671.
300   $a[14], 613, [3] p. (final leaf blank) ;$c18 cm. (8vo)
500   $a"Cum gratia & privilegio Regiae Majestatis." --foot of title page.
500   $aCut of the royal arms on A1 verso (p. [2]), facing title page.
500   $aRunning title: An exposition of the law-terms.
500   $aEditor's preface signed: T.B. [i.e. Thomas Blount], dated 23 April 1667.
500   $aCollation: A-2Q⁸ 2R⁴ [$4 signed; 2R4 blank]
500   $aErrata: p. [1] at end.
500   $aIncludes index.
500   $aOriginally compiled ca. 1523; 1st published in 1527 (STC 20702). The authorship and translation have been ascribed variously to John Rastell and his son William. The latter is usually considered the editor or translator. --cf. STC (2nd ed.) 20701, etc.; J.G. Marvin, Legal bibliography; Joseph Ames, Typographical antiquities; Dict. nat. biog.; Brit. mus. catalogue, etc.
510 4 $aWing (2nd ed.)$cR291
510 4 $aESTC$cR203324
546   $aEnglish and Law French in parallel columns.
650  0$aLaw$zEngland$vDictionaries$vEarly works to 1800.
650  0$aLaw$vDictionaries$vEarly works to 1800.
650  0$aWrits$zEngland$vEarly works to 1800.
700 1 $aRastell, William,$d1508?-1565.
700 1 $aBlount, Thomas,$d1618-1679.
700 1 $aAmery, John,$ebookseller.
700 1 $aBanks, Alan,$ebookseller.
700 1 $aBassett, Thomas$c(Bookseller)
700 1 $aBellinger, John,$ebookseller.
700 1 $aDring, Thomas,$d-1695,$ebookseller.
700 1 $aFlesher, James,$d-1670,$eprinter.
700 1 $aHarper, Charles,$dactive 1670-1709,$ebookseller.
700 1 $aJacob, William,$dactive 1670-1680,$ebookseller.
700 1 $aLeigh, John,$d-1686,$ebookseller.
700 1 $aPawlet, Robert,$d-1683,$ebookseller.
700 1 $aPlace, John,$ebookseller.
700 1 $aPlace, William,$ebookseller.
700 1 $aPoole, John,$dactive 1670-1679,$ebookseller.
700 1 $aSawbridge, George,$d-1681,$ebookseller.
700 1 $aStreater, John,$dactive 1650-1670,$eprinter.
700 1 $aTwyford, Henry,$eprinter.
700 1 $aWilkinson, Christopher,$dactive 1669-1693,$ebookseller.
700 1 $aHeywood, Francis,$eformer owner.$5law
710 2 $aAssigns of Richard and Edward Atkins,$eprinters.
752   $aEngland$dLondon.
830  0$aEarly English books online.
988   $a20020608
906   $0DLC

