LEADER 00885cam a2200241   4500
001 004000693-X
005 20030206160805.0
008 791027s1866    enk           000 0 eng  
010   $a   06033337 
035 0 $aocm05593529
040   $aDLC$cVPI$dOCL$dHLS
050 0 $aHB3783$b.B3
100 1 $aBaxter, R. Dudley$q(Robert Dudley),$d1827-1875.
245 14$aThe panic of 1866 with its lessons on the currency act.$cBy Robert Baxter.
260   $aLondon,$bLongmans, Green, and Co.,$c1866.
300   $axiii, 100 p.$c19 cm.
650  0$aFinancial crises.
650  0$aCurrency question$zGreat Britain.
650  0$aDepressions$y1866$zGreat Britain.
830  0$aHarvard pre-1920 social history/business preservation microfilm project ;$v3269.$5mmf
830  |$aHarvard pre-1920 social history/business preservation microfilm project ;$v03269$5mmf
988   $a20020608
906   $0DLC

