LEADER 00761nam a2200205I  4500
001 004000694-8
005 20020606095253.2
008 791030s1859    fr            000 0 fre  
010   $a   01016788 /M1
035 0 $aocm05624012
040   $aDLC$cCOO$dHLS
050 0 $aE105$b.B39
100 1 $aBeauvois, E.$q(Eugène),$d1835-
245 10$aDécouvertes des Scandinaves en Amérique, du dixième au treizième siècle:$bfragments de sagas islandaises, traduits pour la première fois en français /$cpar E. Beauvois.
260   $aParis :$bChallamel ainé,$c1859.
300   $a77 p. ;$c22 cm.
500   $a"Extrait no. 3 de l'année 1859 de la Revue orientale et américaine."
651  0$aAmerica$xDiscovery and exploration$xNorse.
988   $a20020608
906   $0DLC

