LEADER 00849nam a2200241Ii 4500
001 004000695-6
005 20020606095253.2
008 791030s1974    ai       b    000 0 rusr 
010   $a   76528693 
035 0 $aocm05624441
040   $aDLC$cUIU$dUIU$dHLS
043   $ae-ur---
050 0 $aJN6515 1974$b.B44
100 1 $aBegii︠a︡n, Armenak Zilʹfugarovich.
245 10$aLenin i sovetskai︠a︡ nat︠s︡ionalʹnai︠a︡ gosudarstvennostʹ /$cA. Z. Begii︠a︡n.
260   $aErevan :$bAĭastan,$c1974.
300   $a185 p. ;$c21 cm.
500   $aAt head of title: Akademii︠a︡ nauk Armi︠a︡nskoĭ SSR. Institut filosofii i prava.
504   $aIncludes bibliographical references.
600 10$aLenin, Vladimir Ilʹich,$d1870-1924.
651  0$aSoviet Union$xPolitics and government$y1917-1936.
988   $a20020608
906   $0DLC

