LEADER 01001nam a2200241Ia 4500
001 004000696-4
005 20090811101743.0
008 791105s1832    nyua          000 0 eng d
035 0 $aocn786381388
035 0 $aocm05652072
035 0 $aocm05652072$zocm22866292
040   $aBNG$cBNG$dFUG$dHMG$dHMM
090   $aPE1117.A1$bC55 1832
100 1 $aCobb, Lyman,$d1800-1864.
245 10$aCobb's juvenile reader, no. 1 :$bcontaining interesting moral, and instructive reading lessons, composed of easy words of one and two syllables : designed for the use of small children in families and schools /$cby Lyman Cobb.
246 3 $aJuvenile reader no. 1
260   $aOxford, N.Y. :$bPrinted and published by Chapman & Flagler,$c1832.
300   $a72 p. :$bill. ;$c14 cm.
650  0$aReaders (Elementary)
830  0$aHarvard reading textbooks preservation microfilm project ;$v03472.$5mmf
830  0$aOpen Collections Program at Harvard University.$5net$pReading.
988   $a20020608
906   $0OCLC

