LEADER 00858nam a2200205I  4500
001 004000697-2
005 20020606095253.2
008 791105s1877    fr            000 0 fre c
010   $aa  30000319 
035 0 $aocm05653472
040   $aUniv. of Calif. at Los Angeles$cCOO$dHLS
050 0 $aE103$b.B4
100 1 $aBeauvois, E.$q(Eugène),$d1835-
245 14$aLes colonies européennes du Markland et de l'Escociland (domination canadienne) au XIVe siècle,$bet les vestiges qui en subsistèrent jusqu'aux XVIe et XVIIe siècles, par E. Beauvois.
260   $aNancy,$bTypographie de G. Crépin-Leblond,$c1877.
300   $a60 p.$c23 cm.
500   $a"Extrait du compte-rendu des travaux du Congrès international des Américanistes, 2e session--Luxembourg--1877. tome 1."
651  0$aNew France$xDiscovery and exploration.
988   $a20020608
906   $0OCLC

