LEADER 01244nam a2200277I  4500
001 004000698-0
005 20020606095253.2
008 791105s1877    fr            000 0 fre  
010   $a   09002133 
035 0 $aocm05653802
040   $aDLC$cCOO$dHLS
043   $an-cn---$an------$as------
050 0 $aE78.C2$bB4
100 1 $aBeauvois, E.$q(Eugène),$d1835-
245 14$aLes derniers vestiges du christianisme préché du 10e au 14e siècle dans le Markland et la Grande Irlande;$bles porte-croix de la Gapésie et de l'Acadie (domination canadienne),$cpar E. Beauvois.
260   $aParis,$bImpr. Moquet,$c1877.
300   $a27 p.$c23 cm.
500   $a"Extrait des Annales de philosophie chrétienne, avril 1877, page 284."
650  0$aIndians of North America$zCanada$xMissions.
650  0$aCrosses$zCanada.
651  0$aAmerica$xDiscovery and exploration$xIrish.
651  0$aAmerica$xDiscovery and exploration$xNorse.
650  0$aIndians of North America$xMissions$zCanada.
776 08$iOnline version:$aBeauvois, E. (Eugène), 1835-$tDerniers vestiges du christianisme préché du 10e au 14e siècle dans le Markland et la Grande Irlande.$dParis, Impr. Moquet, 1877$w(OCoLC)893928993
988   $a20020608
906   $0DLC

