LEADER 00535nam a2200181Ii 4500
001 004000700-6
005 20020606095253.2
008 791109s1921    gw            000 0 ger d
035 0 $aocm05669211
040   $aPUL$cPUL$dHLS
090   $aDT165$b.xB3
100 1 $aBanse, Ewald,$d1883-
245 10$aWüsten, Palmen und Basare /$cEwald Banse.
260   $aBraunschweig :$bG. Westermann,$c1921.
300   $a359 p., [9] leaves of plates :$b17 ill. ;$c22 cm.
651  0$aAfrica, North$xDescription and travel.
988   $a20020608
906   $0OCLC

