LEADER 01048cam a2200301 i 4500
001 004000701-4
005 20070901105649.0
008 791011s1978    it a     bc   000 0 ita  
010   $a   79360138 //r843
015   $aIt79-Mar
035 0 $aocm05680706
040   $aDLC$cDLC$dHTV
050 0 $aNB623.G45$bA4 1979
050 0 $aNB623.G45$bA4 1978
082   $a730/.92/4
245 00$aLorenzo Ghiberti materia e ragionamenti :$bFirenze, Museo dell'Accademia e Museo di San Marco, 18 ottobre 1978-31 gennaio 1979.
260   $a[Firenze] :$bCentro Di,$c1978.
300   $a764 p. :$bill. ;$c24 cm.
490 1 $aCat / Centro Di ;$v102
500   $aAt head of title: Comitato promotore per le manifestazioni espositive Firenze e Prato, 1978.
504   $aBibliography: p. [744]-764.
600 10$aGhiberti, Lorenzo,$d1378-1455$vExhibitions.
710 2 $aMuseo dell'Accademia.
710 2 $aAccademia di belle arti (Florence, Italy)
710 2 $aMuseo di San Marco.
830  0$aCat. (Centro Di) ;$v102.
988   $a20020608
906   $0DLC

