LEADER 00881nam a2200229I  4500
001 004000702-2
005 20020606095253.2
008 791113s1957    fr c          000 0 fre c
010   $aa  57006652 
035 0 $aocm05690282
040   $aHarvard Univ. Library$cYGM$dHLS
090   $aPQ4046$b.B4
100 1 $aBédarida, Henri.
245 10$aA travers trois siècles de littérature italienne.$c[Offert à l'auteur par ses collègues, ses amis, ses élève et la Société des études italiennes]
260   $aParis,$bM. Didier$c[1957]
300   $axix, 500 p.$bport.$c25 cm.
490 1 $aPublication de la Société des études italiennes,$v4
504   $a"Bibliographie des ouvrages et des articles (1908-1956) de Henri Bédarida": p. [459]-479.
650  0$aItalian literature.
810 2 $aSociété d'études italiennes.$tPublications ;$v4.
988   $a20020608
906   $0MH

