LEADER 00619cam a2200217I  4500
001 004000703-0
005 20050429153720.0
008 791113s1960    it       b    001 0 ita  
010   $a   64051314 
035 0 $aocm05690300
040   $aDLC$cNJT$dNOC$dHLS
050 0 $aB29$b.M52 v.2
100 1 $aBausola, Adriano.
245 12$aL'etica di John Dewey.
260   $aMilano,$bSocietà editrice Vita e pensiero$c[1960]
300   $a225 p.$c25 cm.
490 1 $aScienze filosofiche ;$v2
600 10$aDewey, John,$d1859-1952.
830  0$aScienze filosofiche (Vita e pensiero (Firm)) ;$v2.
988   $a20020608
906   $0DLC

