LEADER 00786nam a2200265I  4500
001 004000704-9
005 20020606095253.2
008 791116s1929    pl       b    000 0 ger d
035 0 $aocm05702620
040   $aLUU$cLUU$dHLS
090   $aHG4551$b.B44
100 1 $aBeerbohm, Hansheinrich,$d1905-
245 14$aDie kapitalversorgung der industrie über die Börse...
260   $aOhlau,$bSpezialdruckerei für dissertationen dr. Hermann Eschanhagen K. G.,$c1929.
300   $a57 p.$c21 cm.
500   $aCover title.
500   $aLebenslauf.
502   $aInaug.-diss.--Freiburg im Breisgau.
504   $a"Literaturverzeichnis": p. 52-56.
650  0$aStock exchanges.
650  0$aBonds.
650  0$aStocks.
650  0$aForeign exchange.
988   $a20020608
906   $0OCLC

