LEADER 01048nam a2200337 i 4500
001 004000706-5
005 20070901105649.0
008 791018s1979    it a     b    000 0 ita  
010   $a   79380968 
015   $aIt79-Aug
020   $cL3000
020   $cL3000
035 0 $aocm05728192
040   $aDLC$cDLC$dHTV
041 0 $aitalat
043   $ae-it---
050 0 $aNA1121.F7$bR65
050 0 $aNA1121.F7$bR65 1979
100 1 $aRomby, Giuseppina Carla.
245 10$aPer costruire ai tempi del Brunelleschi :$bmodi, norme e consuetudini del Quattrocento fiorentino /$cGiuseppina Carla Romby.
260   $aFirenze :$bClusf,$c1979.
300   $a72 p. :$bill. ;$c23 cm.
490 1 $aCollana Storia e territorio
500   $aItalian or Latin.
504   $aBibliography: p. 51-54.
600 10$aBrunelleschi, Filippo,$d1377-1446.
650  0$aArchitecture, Renaissance$zItaly$zFlorence.
650  0$aArchitecture$zItaly$zFlorence.
830  0$aCollana Storia e territorio (Florence, Italy)
988   $a20020608
906   $0DLC

