LEADER 00818cam a2200241Ii 4500
001 004000707-3
005 20020606095253.2
008 791126c18701869nyucf         000 0 eng d
020   $a0524062404 (microfiche)
035 0 $aocm05729962
040   $aKAT$cKAT$dOCL$dHLS
090   $aBX1415
090   $aBX1417.N4$bB3
100 1 $aBayley, James Roosevelt,$d1814-1877.
245 12$aA brief sketch of the early history of the Catholic Church on the island of New York /$cby J. R. Bayley.
250   $a2d ed., rev. and enl.
260   $aNew York :$bCatholic Publication Society,$c1870.
300   $a242 p. ;$c19 cm.
610 20$aCatholic Church$zNew York (State)$zNew York$xHistory.
650  0$aCatholics$zNew York (State)$zNew York.
651  0$aNew York (N.Y.)$xChurch history.
988   $a20020608
906   $0OCLC

