LEADER 00592nam a2200205I  4500
001 004000708-1
005 20020606095253.2
008 791129s1944    ag            000 0 spa  
010   $a   45003772 
035 0 $aocm05742852
040   $aDLC$cKUK$dHLS
050 0 $aZ670.S493$bB4
082   $a020
100 1 $aBecu, Teodoro,$d1890-1946.
245 10$aNotas bibliográficas,$cpor Teodoro Becu.
260   $aBuenos Aires:$b[Se distribuye por la Editorial Losada, s.a.],$c1944.
300   $a23, [1] p.;$c22 cm.
600 10$aSelva, Manuel.$tManual de bibliotecnia.
988   $a20020608
906   $0DLC

