LEADER 00721nam a2200229I  4500
001 004000709-X
005 20060622100628.0
008 791203s1802    pau    b      000 0 eng  
010   $a   35025841 
035 0 $aocm15435818
035 0 $aocm05755627
040   $aDLC$cAAA$dHVL
090   $aKD8371$b.P4
100 1 $aPeake, Thomas,$d1771-1838.
245 02$aA compendium of the law of evidence. /$cBy Thomas Peake.
260   $aPhiladelphia: Printed and sold by P. Byrne, no.72, Chesnut-street,$c1802.
300   $axiv, 190 p.$c22 cm.
650  0$aEvidence (Law)$zGreat Britain.
830  0$a19th-century legal treatises ;$vno. 62425-62427.$5law
830  0$aMaking of modern law$5net
988   $a20020608
906   $0DLC

