LEADER 00984nam a2200229Ii 4500
001 004000710-3
005 20020606095253.2
008 791204s1939    cu            000 0 eng d
035 0 $aocm05756226
040   $aKSU$cKSU$dHHG
090   $aPQ6601.L75$bN8
100 1 $aAltolaguirre, Manuel,$d1904-1959.
245 10$aNube temporal :$bpoemas /$cde Manuel Altolaguirre.
260   $aLa Habana :$bEn la Coleccion "El Ciervo Herido".,$c1939.
300   $a[1]-73 [1] p., 3 ℓ. ;$c13.4 cm.
490 0 $a"Ciervo herido"
500   $aCover-title: Nube temporal. Poemas de Manuel Altolaguirre, con un autografo de Jules Supervielle y un poema de Stephen Spender.
500   $aColophon: Este libro se acabó de imprimir en La Veronica, imprenta de Manuel Altolaguirre, el día 28 de septiembre de 1939.
500   $aSpender's poem (p. [65]-73) has title: To a Spanish poet (for Manuel Altolaguirre).
500   $aSupervielle's "autografo" is in facsimile.
988   $a20020608
906   $0OCLC

