LEADER 01968cas a2200421 a 4500
001 004000711-1
005 20020606095253.2
008 791204d19411973mnumr1p   o   0   a0eng d
010   $a   54031545 //r86$zsc 80000548 
016 7 $aA24540000$2DNLM
022 0 $a0002-9408
030   $aAJOAAX
035 0 $aocm05760370
040   $aNYG$cNYG$dDLC$dNSD$dAIP$dDLC$dNLM$dNST$dHMS
042   $alc$ansdp
050  0$aRE1$b.A37
210 0 $aAm. j. optom. arch. Am. Acad. Optom.
222  0$aAmerican journal of optometry and archives of American Academy of Optometry
245 00$aAmerican journal of optometry and archives of American Academy of Optometry.
246 10$aArchives of American Academy of Optometry
260   $aMinneapolis :$bAmerican Journal of Optometry Pub. Association,$c1941-1973.
300   $a32 v. :$bill. ;$c25 cm.
310   $aMonthly
362 0 $aVol. 18, no. 1 (Jan. 1941)-v. 50, no. 12 (Dec. 1973).
510 2 $aInternational aerospace abstracts$x0020-5842
510 2 $aCIS abstracts$x0302-7651
510 2 $aComputer & control abstracts$x0036-8113$bOct. 1970-Dec. 1973
510 2 $aElectrical & electronics abstracts$x0036-8105$bOct. 1970-Dec. 1973
510 2 $aPhysics abstracts. Science abstracts. Series A$x0036-8091$bOct. 1970-Dec. 1973
550   $aOfficial publication of American Academy of Optometry.
580   $aIssues for 1941- include transactions of the American Academy of Optometry, 1940-
650  2$aOptometry$xperiodicals.
710 2 $aAmerican Academy of Optometry.
780 00$tAmerican journal of optometry$x0271-4469$w(OCoLC)5760339$w(DLC) 86644807
780 05$aAmerican Academy of Optometry. Meeting.$tReport of the transactions of the ... Annual Meeting of the American Academy of Optometry$g1940$w(DLC) 54053808$w(OCoLC)5881781
785 00$tAmerican journal of optometry and physiological optics$x0093-7002$w(OCoLC)1793707$w(DLC) 74644311
988   $a20020608
906   $0OCLC

