LEADER 00781nam a2200217I  4500
001 004000712-X
005 20070901105649.0
008 791205s1897    fr af         000 0 fre  
010   $a   01018819 
035 0 $aocm05760747
040   $aDLC$cCLE$dHTV
050   $aDT60$b.M85
050   $aDT60$b.M85 1897
100 1 $aMorgan, J. de$q(Jacques),$d1857-1924.
245 00$aRecherches sur les origines de l'Égypte :$bEthnographie préhistorique et tombeau royal de Négadah /$cpar J. de Morgan avec la collaboration de MM. le professeur Wiedemann, G. Jéquier et le Dr. Fouquet.
260   $aParis,$bE. Leroux,$c1897.
300   $a2 p. ℓ., ix, 393, [2] p.$billus., pl., tab.$c29 cm.
650  0$aEthnology$zEgypt.
651  0$aEgypt$xAntiquities.
988   $a20020608
906   $0DLC

