LEADER 00914cam a2200253I  4500
001 004000713-8
005 20020606095253.2
008 791211m19281932enk           000 0 eng  
010   $a   28020536 
035 0 $aocm05781835
040   $aDLC$cVIC$dOCL$dHLS
050   $aDA577$b.B35 1928a
100 1 $aBeaverbrook, Max Aitken,$cBaron,$d1879-1964.
245 10$aPoliticians and the war, 1914-1916,$cby the Rt. Hon. Lord Beaverbrook.
260   $aLondon,$bT. Butterworth limited$c[1928-1932]
300   $a2 v.$bfront., plates, ports., facsims.$c23 cm.
500   $aVol. 2 has imprint: London, The Lane publications.
500   $a"First published, May, 1928; second impression, May, 1928."
504   $a"List of books": p. 15.
650  0$aWorld War, 1914-1918$zGreat Britain.
650  0$aStatesmen, British.
651  0$aGreat Britain$xPolitics and government$y1910-1936.
988   $a20020608
906   $0DLC

