LEADER 01021nam a2200217I  4500
001 004000714-6
005 20020606095253.2
008 791212m18281830fr ac         000 0 fre  
010   $a   10022317 
035 0 $aocm05785167
040   $aDLC$cSUC$dSUC$dHVL
050   $aHV8666$b.L8
100 1 $aLucas, Ch.$q(Charles),$d1803-1889.
245 00$aDu système pénitentiaire en Europe et aux États-Unis;$bouvrage dédié aux chambres, préćédé d'une pétition qui leur est adressée, et orné de plusieurs plans de prisons et tableaux statistiques,$cpar m. Charles Lucas.
260   $aParis :$bBossange [etc.]$c1828-30.
300   $a3 v. :$btables (1 fold.) fold. plans ;$c20 cm.
500   $aVol. 2-3 published by T. Dehay [etc.]
500   $aVol. 3 has title: Conclusion générale de l'ouvrage sur le système pénitentiaire en Europe et aux États-Unis, suivie de la deuxieme pétition aux chambres sur la nécessité de l'adoption du système pénitentiaire.
650  0$aPrisons.
988   $a20020608
906   $0DLC

