LEADER 00978nam a2200253I  4500
001 004000715-4
005 20020606095253.2
008 791212s1764    gw            001 0 ger d
035 0 $aocm05785993
040   $aUUM$cUUM$dHVL
090   $aDD88$b.P88
100 1 $aPütter, Johann Stephan,$d1725-1807.
245 10$aJohann Stephan Pütters ... Grundriss der Staatsveränderungen des Teutschen Reichs.
246 3 $aGrundriss der Staatsveränderungen des Teutschen Reichs.
250   $aIn dieser dritten Ausarbeitung der Absicht eines academischen Lesebuchs noch gemässer eingerichtet.
260   $aGöttingen :$bIm Verlage der Wittwe Vandenhoeck,$c1764.
300   $a278, [10] p.$c21 cm. (8vo)
500   $aEngraved title vignette.
651  0$aGermany$xPolitics and government$yTo 1517.
651  0$aGermany$xPolitics and government$y1517-1648.
651  0$aGermany$xPolitics and government$y1648-1789.
651  0$aGermany$xHistory.
988   $a20020608
906   $0OCLC

