LEADER 00981nam a2200265I  4500
001 004000716-2
005 20020606095253.2
008 791214s1919    mauabcf       000 0 eng  
010   $a   19015515 
035 0 $aocm05796551
040   $aDLC$cVJA$dHLS
043   $an-us-dc
050 0 $aE356.W3$bB2
060 00$aE 356$bB293r 1919
100 1 $aBarton, Wilfred Mason,$d1871-1930.
245 14$aThe road to Washington,$cby Wilfred M. Barton ... photos. by the author.
260   $aBoston,$bR.G. Badger$c[c1919]
300   $a197 p.$bfront., plates, ports., maps$c21 cm.
651  0$aWashington (D.C.)$xHistory$yCapture by the British, 1814.
650  0$aHistoric buildings$zWashington (D.C.)
651  0$aWashington (D.C.)$xBuildings, structures, etc.
651  0$aWashington (D.C.)$xHistoric houses, etc.
776 08$iOnline version:$aBarton, Wilfred Mason, 1871-1930.$tRoad to Washington.$dBoston, R.G. Badger [©1919]$w(OCoLC)665221975
988   $a20020608
906   $0DLC

