LEADER 00912nam a2200265I  4500
001 004000717-0
005 20020606095253.2
008 791221s1772    stk      b    001 0 eng d
035 0 $aocm05818935
040   $aIND$cIND$dHVL
041 1 $aengfre
090   $aJC179$b.M74 1772
100 1 $aMontesquieu, Charles de Secondat,$cbaron de,$d1689-1755.
240 10$aDe l'esprit des lois.$lEnglish.$sDonaldson.$f1772
245 14$aThe spirit of laws,$ctranslated from the French of M. de Secondat, Baron de Montesquieu.
250   $a6th ed.
260   $aEdinburgh,$bA. Donaldson,$c1772.
300   $a2 v.$c19 cm.
504   $aIncludes bibliographical references and index.
650  0$aPolitical science$vEarly works to 1800.
650  0$aState, The$vEarly works to 1800.
650  0$aLaw$xPhilosophy$vEarly works to 1800.
650  0$aJurisprudence$vEarly works to 1800.
988   $a20020608
906   $0OCLC

