LEADER 00576nam a2200217I  4500
001 004000718-9
005 20020606095253.2
008 791227s1965    fr            000 0 fre  
010   $a   66074801 
015   $aF66-7828
035 0 $aocm05825365
040   $aDLC$cBUF$dHLS
050 0 $aHD83$b.B373
100 1 $aBaruchet, André.
245 13$aLa hantise de l'abondance, un mal inavouable.
260   $aParis,$bÉditions du Scorpion,$c1965.
300   $a192 p.$c18 cm.
650  0$aEconomic policy.
650  0$aTechnology and civilization.
988   $a20020608
906   $0DLC

