LEADER 00938cam a2200289 a 4500
001 004000719-7
005 20070901105649.0
008 791203s1979    sw a     bc   001 0 eng  
010   $a   79320191 //r85
015   $aS79
020   $a9138039826
035 0 $aocm05829596
040   $aDLC$cDLC$dHTV$dMH-FA
043   $ae-it---$ae-sw---
050 0 $aNC255$b.B58 1979
082 0 $a741.945/074/085$219
100 1 $aBjurström, Per.
245 10$aItalian drawings :$bVenice, Brescia, Parma, Milan, Genoa /$cPer Bjurström.
260   $aStockholm :$bNationalmuseum :$bLiberFörlag,$c1979.
300   $axxii, [210] p. :$bill. ;$c29 cm.
440  0$aDrawings in Swedish public collections ;$v3
504   $aIncludes bibliographical references (p. xx-xxii) and index.
650  0$aDrawing, Italian$zSweden$vCatalogs.
650  0$aDrawing$zSweden$vCatalogs.
710 2 $aNationalmuseum (Sweden)
988   $a20020608
906   $0DLC

