LEADER 00657cam a2200193I  4500
001 004000720-0
005 20050429151755.0
008 800102s1965    it       b    001 0 ita d
035 0 $aocm05837383
040   $aCOO$cCOO$dm.c.$dNOC$dHLS
090   $aB29$b.M52 Ser. 3a v. 10
100 1 $aBausola, Adriano.
245 10$aFilosofia e storia nel pensiero crociano.
260   $aMilano,$bSocietà editrice Vita e pensiero,$c[1965]
300   $avii, 280 p.$c24 cm.
440  0$aPubblicazioni dell'Università cattolica del Sacro Cuore.$pContributi.$nSerie terza,$pScienze filosofiche ;$v10
600 10$aCroce, Benedetto,$d1866-1952.
988   $a20020608
906   $0OCLC

