LEADER 00824cam a2200229Ia 4500
001 004000721-9
005 20020606095253.2
008 800104s1790    stka          001 0 eng d
035 0 $aocm05843281
040   $aVIC$cVIC$dm/c$dMHS$dOCL$dHVL
043   $ae-uk-st
090   $aDA809$b.R64
100 1 $aRobertson, William,$d1740-1803.
245 10$aProceedings relating to the peerage of Scotland :$bfrom January 16, 1707, to April 29, 1788 /$ccollected and arranged by William Robertson.
260   $aEdinburgh :$bBell & Bradfute,$c1790.
300   $aviii, 479, [15] p., [3] leaves of plates :$btables ;$c29 cm.
500   $aIncludes index.
650  0$aNobility$zScotland.
651  0$aScotland$xHistory$y18th century$xSources.
710 1 $aGreat Britain.$bParliament.$bHouse of Lords.
988   $a20020608
906   $0OCLC

