LEADER 00701nam a2200193I  4500
001 004000723-5
005 20020606095253.2
008 800110s1862    gw            000 0bger d
035 0 $aocm05863293
040   $aGZM$cCUF$dm/c$dHLS
043   $ae-gx
090   $aBR856.W4$bB4
100 1 $aBeck, Joseph,$d1803-1883.
245 00$aFreiherr I. Heinrich b. Wessenberg sein Leben und Wirken.$bzugleich ein Beitrag zur Geschichte der neuern zeit auf der Grundlage handschriftlicher Aufzeichnungen Wessenbergs.
260   $aFreiburg,$bFriedrich Wagner'sche Buchhandlung,$c1862.
300   $a527 p.$c21 cm.
600 10$aWessenberg, Ignaz Heinrich Karl,$cFreiherr von,$d1774-1860.
988   $a20020608
906   $0OCLC

