LEADER 00840nam a2200229I  4500
001 004000725-1
005 20020606095253.2
008 800115s1869    enk           000 0 eng c
010   $aa  11002776 
035 0 $aocm05871757
040   $aHarvard Univ.$cVIC$dHLS
043   $an-us---
050  4$aE168$b.B3
090   $aE168$b.B3
100 1 $aBayley, John,$d1814-
245 00$aFacts for the people of Great Britain and Ireland, concerning the United States of America.$cBy the Rev. John Bayley.
260   $aLondon,$bE. Stock,$c1869.
300   $aiv, 107 p.$c17 cm.
651  0$aUnited States$xDescription and travel.
776 08$iOnline version:$aBayley, John, 1814-$tFacts for the people of Great Britain and Ireland, concerning the United States of America.$dLondon, E. Stock, 1869$w(OCoLC)903380287
988   $a20020608
906   $0MH

