LEADER 01035nam a2200289 a 4500
001 004000726-X
005 20070901105649.0
008 800119s1908    fr a          000 m fre d
035 0 $aocn464081638
035 0 $aocm05887523
040   $aCLU$cCLU$dm/c$dHTV
100 1 $aGrand-Carteret, John,$d1850-1927.
245 10$aGalanteries XVIIIe siècle :$bvers, proses, images /$cJohn Grand-Carteret ; 131 illustrations par Borel ... [et al.].
246 33$aGalanteries dix-huitième siècle
260   $aParis :$bA. Michel,$c[1908?]
300   $a[iv], iv, 320 p. :$bill. ;$c21 cm.
500   $aExcerpts from Restif de La Bretonne, among others.
500   $a"Table des gravures."--P. [317]-320.
505 0 $aVers -- Proses.
650  0$aFrench literature$y18th century.
650  0$aErotic literature.
650  0$aErotic art$zFrance.
700 1 $aChilds, J. Rives$q(James Rives),$d1893-1987,$eformer owner.$5hou
700 1 $aRestif de La Bretonne,$d1734-1806.
752   $aFrance$dParis.
988   $a20020608
906   $0OCLC

