LEADER 00536nam a2200181Ii 4500
001 004000727-8
005 20020606095253.2
008 800123q19101919fr a          000 0 fre d
035 0 $aocm05904700
040   $aLWA$cLWA$dHLS
090   $aPQ2603.A7$bM3
100 1 $aBataille, Henry,$d1872-1922.
245 13$aLa marche nuptiale ;$bLes flambeaux /$cHenry Bataille ; illus. d'apres les dessins di A. Cahard.
246 3 $aFlambeaux
260   $aParis :$bA. Fayard,$c[191-?]
300   $a125 p. :$bill. ;$c24 cm.
988   $a20020608
906   $0OCLC

