LEADER 00889nam a2200241I  4500
001 004000728-6
005 20090130123333.0
008 800125s1898    enk           000 0 eng d
035 0 $aocm05914711
040   $aVIC$cVIC$dHLS
090   $aE129.C1$bB4 1898
100 1 $aBeazley, C. Raymond$q(Charles Raymond),$d1868-1955.
245 10$aJohn and Sebastian Cabot;$bthe discovery of North America,$cby C. Raymond Beazley.
260   $aLondon,$bT. F. Unwin,$c1898.
300   $axx, 311 p.$bfront. (port.) 2 maps.$c20 cm.
490 0 $aBuilders of Greater Britain
504   $a"Documents mainly illustrating the English career of John and Sebastian Cabot": p. 265-291.
504   $a"Cabot literature": p. 292-305.
600 10$aCabot, John,$d-1498?
600 10$aCabot, Sebastian,$dapproximately 1474-1557.
651  0$aAmerica$xDiscovery and exploration.
988   $a20020608
906   $0OCLC

