LEADER 00710nam a2200229I  4500
001 004000729-4
005 20020606095253.2
008 800126s1956    gw       b    000 0 ger  
010   $a   57029218 
035 0 $aocm05916294
040   $aDLC$cSUC$dm/c$dHLS
050   $aHE8699.G3$bB3 1956
100 1 $aBausch, Hans.
245 14$aDer Rundfunk im politischen Kräftespiel der Weimarer Republik 1923-1933.
260   $aTübingen,$bMohr,$c1956.
300   $aviii, 224 p.$c24 cm.
440  0$aTübinger Studien zur Geschichte und Politik,$vNr. 6
502   $aIssued also as thesis, Tübingen.
504   $aBibliography: p. [217]-220.
650  0$aRadio broadcasting$zGermany.
988   $a20020608
906   $0DLC

