LEADER 01270nam a2200325I  4500
001 004000730-8
005 20090712174410.0
008 800128r19371926ie ch         001 0beng  
010   $a   38006833 
035 0 $aocm05917354
040   $aDLC$cIVD$dm.c.$dHLS
043   $ae-ie---
050   $aDA965.C6$bB42
082   $a923.2415
100 1 $aBéaslaí, P. S.$q(Piaras S.),$d1881-1965.
245 00$aMichael Collins,$bsoldier and statesman,$cby Piaras Béaslaí.
260   $aDublin,$aCork,$bThe Talbot press,$c[1937]
300   $axii, 430 p.$bports., facsim.$c21 cm.
500   $aAn abridged edition of the author's Michael Collins and the making of new Ireland (London [1926])
651  0$aIreland$xHistory$y1910-1921.
600 10$aCollins, Michael,$d1890-1922.
650  0$aRevolutionaries$zIreland$vBiography.
651  0$aIreland$xHistory$yWar of Independence, 1919-1921$vBiography.
651  0$aIreland$xHistory$yCivil War, 1922-1923$vBiography.
651  0$aIreland$xHistory$y1910-1921$vBiography.
655  7$aBiography.$2fast
655  7$aHistory.$2fast
776 08$iOnline version:$aBéaslaí, P. S. (Piaras S.), 1881-1965.$tMichael Collins.$dDublin, Cork, The Talbot Press, [1937]$w(OCoLC)891944473
988   $a20020608
906   $0DLC

