LEADER 00810cam a2200229Ii 4500
001 004000731-6
005 20020606095253.2
008 800201s1930    nyu           000 0 eng d
035 0 $aocm05936556
040   $aPKT$cPKT$dOCL$dm/c$dHLS
043   $an-us---
050  4$aHV5072$b.P3 no.29
090   $aHV5072$b.P3 no.29
100 1 $aBeck, James M.$q(James Montgomery),$d1861-1936.
245 14$aThe revolt against prohibition :$ban address delivered in the House of Representatives, Washington, on February 7, 1930 /$cby James M. Beck.
260   $aNew York :$bAssociation Against the Prohibition Amendment,$c[1930]
300   $a32 p. ;$c23 cm.
500   $aCover title.
650  0$aProhibition$zUnited States.
710 2 $aAssociation Against the Prohibition Amendment.
988   $a20020608
906   $0OCLC

