LEADER 01143nam a2200289I  4500
001 004000732-4
005 20100413103701.0
008 800204s1951    cauabc        000 0 eng  
010   $a   51003918 
035 0 $aocm05949119
040   $aDLC$cIBS$dIBS$dm.c.$dHLS
043   $an-us-ca
050   $aHE4491.S43$bB4
082   $a385.66
100 1 $aBeebe, Lucius Morris,$d1902-1966.
245 10$aCable car carnival$c[by] Lucius Beebe and Charles Clegg. Decorations by E. S. Hammack.
250   $a[1st ed.]
260   $aOakland, Calif.,$bG. Hardy$c1951.
300   $a130 p.$billus., ports., map.$c29 cm.
505 0 $aForeword -- The setting -- Getting a grip -- Frendied fianance -- Cable Car carnival -- Nob Hill -- Folklore -- Cable car war -- Appendix.
650  0$aRailroads, Cable.
650  0$aStreet-railroads$zCalifornia$zSan Francisco.
651  0$aSan Francisco (Calif.)$xSocial life and customs.
700 1 $aClegg, Charles,$d1916-1979.
776 08$iOnline version:$aBeebe, Lucius Morris, 1902-1966.$tCable car carnival.$b[1st ed.].$dOakland, Calif., G. Hardy 1951$w(OCoLC)654802994
988   $a20020608
906   $0DLC

