LEADER 00525nam a2200181I  4500
001 004000733-2
005 20020606095253.2
008 800206s1848    enk           000 0 eng d
035 0 $aocm05955426
040   $aCLE$cCLE$dm.c.$dHLS
100 1 $aStaunton, Howard,$d1810-1874.
245 03$aAn account of the late chess match between Howard Staunton and Lowe,$cby Thomas Beeby.
260   $aLondon,$bC. Gilpin,$c1848.
300   $a28 p.
700 1 $aBeeby, Thomas.
700 1 $aLowe, E.,$d1794-1880.
988   $a20020608
906   $0OCLC

