LEADER 01132nam a2200313I  4500
001 004000734-0
005 20070901105649.0
008 800206s1909    mau     a     000 0aeng  
010   $a   09005248 
035 0 $aocm30684964
035 0 $aocm05955514
040   $aDLC$cCWR$dm.c.$dHTV
050   $aBF1211$b.P89
050   $aBF1211$b.P89 1909
100 00$aB. C. A.
245 10$aMy life as a dissociated personality /$cby B.C.A. ; with an introduction by Morton Prince.
260   $aBoston :$bR.G. Badger,$c1909.
300   $a47 p. ;$c24 cm.
500   $a"'My life as a dissociated personality' originally appeared in the Journal of Abnormal Psychology."
600 10$aB. C. A.$xMental health.
650  0$aMultiple personality$xPatients$zUnited States$vBiography.
650  0$aMultiple personality$xCase studies.
650  0$aPersonality disorders.
700 1 $aPrince, Morton,$d1854-1929.
700 1 $aA., B. C.
700 0 $aB. C. A.
776 08$iOnline version:$aPrince, Morton, 1854-1929.$tMy life as a dissociated personality.$dBoston, R.G. Badger, 1909$w(OCoLC)654197480
988   $a20020608
906   $0DLC

