LEADER 00911nam a2200217I  4500
001 004000735-9
005 20020606095253.2
008 800207s1914    nyu           000 0 eng  
010   $a   14009909 
035 0 $aocm05960780
040   $aDLC$cVIC$dm.c.$dm/c$dHLS
050   $aE332$b.B38
100 1 $aBeck, James M.$q(James Montgomery),$d1861-1936.
245 14$aThe scholar in politics;$ban oration delivered at celebration of the one hundred and seventy-first anniversary of the birthday of Thomas Jefferson on Founders Day, April 13, 1914, at the University of Virginia,$cby James M. Beck.
260   $a[New York?$c1914]
300   $a27 p.$c24 cm.
500   $aCover title.
600 10$aJefferson, Thomas,$d1743-1826$xAnniversaries, etc.
776 08$iOnline version:$aBeck, James M. (James Montgomery), 1861-1936.$tScholar in politics.$d[New York?] [1914]$w(OCoLC)894739105
988   $a20020608
906   $0DLC

