LEADER 01541cam a2200313Ia 4500
001 004000736-7
005 20111024144340.0
008 800208s1673    cs af         000 0 lat  
010   $a   58054604 
035 0 $aocm05965084
040   $aDLC$edcrb$edcrmb$cSYB$dCUY$dOCLCQ$dUPM$dHHG
043   $ae-xr---
050 00$aDB202.1$b.A6 1673
100 1 $aSolimanus, Julius,$d1595-1636.
240 10$aElogia ducum, regum, interregum qui Boemis praefuerunt
245 10$aImago principum Bohemiae :$bLXI. elogiis ducum, regum, interregum adumbrata, in novum patriae splendorem & publicum regni decus, spectatum proposita /$cab illustrissimo domino, Domino Michaele Francisco Ferdinando S.R.I. comite ab Althann.
260   $aPragae :$bTypis Universitatis Carolo-Ferdinandeae, in Collegio Societatis Jesu, ad S. Clementem,$canno 1673.
300   $a[256] p., [1] leaf of plates :$bill. (engravings) ;$c23 cm. (8vo)
500   $aOriginally published in 1629, under author's pseudonym, Julius Solimanus, with title: Elogia ducum, regum, interregu[m] qui Boemis praefuerunt.
500   $aImprint from colophon.
500   $aSignatures: [A]² B-2I⁴ 2K².
500   $aLeaf 2K1 unsigned; 2K2 singed KK.
500   $aFrontispiece signed: C. Screta del: G. De Groos fecit Pragae.
651  0$aBohemia (Czech Republic)$xKings and rulers$vPortraits.
700 1 $aŠkréta, Karel,$d1610-1674,$eill.
700 1 $aGroos, Gerard de,$dapproximately 1650-1730,$eengraver.
752   $aCzech Republic$dPrague.
988   $a20020608
906   $0DLC

