LEADER 00931nam a2200253Ii 4500
001 004000737-5
005 20020606095253.2
008 800208s1843    fr       b    000 0 fre d
035 0 $aocm05966017
035 0 $aocm05966017$zocm17552839
040   $aLLT$cLLT$dHVL
043   $ae-fr---
050  4$aK1104$b.L4 1843
090   $aK1104$b.L4 1843
100 1 $aLe Halleur, E. Pepin.
245 10$aHistoire de l'emphytéose en droit romain et en droit français :$bmémoire couronné par la faculté de droit de Paris /$cpar m. E. Pepin Le Halleur.
260   $aParis :$bJoubert,$c1843.
300   $aiii, 367 p. ;$c23 cm.
504   $aIncludes bibliographical references.
650  0$aLeases$zFrance.
650  0$aLeases (Roman law)
776 08$iOnline version:$aLe Halleur, E. Pepin.$tHistoire de l'emphytéose en droit romain et en droit français.$dParis : Joubert, 1843$w(OCoLC)798534981
988   $a20020608
906   $0OCLC

