LEADER 00893nam a2200265I  4500
001 004000738-3
005 20020606095253.2
008 800228s1967    gw            000 0 ger  
010   $a   68071489 
015   $aGDB67-A30-123
035 0 $aocm06034113
040   $aDLC$cIAY$dHLS
050 0 $aHX276$b.B43
100 1 $aBebel, August,$d1840-1913.
245 10$aPolitik als Theorie und Praxis.$cAusgewählte Texte aus Reden und Schriften. Eingeleitet und hrsg. von ALbrecht Langner.
260   $aKöln,$bHegner$c(1967).
300   $a316 p.$c17 cm.
490 0 $aHegner-Bücherie
504   $aTextnachweise": p. 315-316.
650  0$aSocialism.
700 1 $aLangner, Albrecht,$eed.
700 1 $aLangner, Albrecht,$eeditor.
776 08$iOnline version:$aBebel, August, 1840-1913.$tPolitik als Theorie und Praxis.$dKöln, Hegner (1967)$w(OCoLC)575847739
988   $a20020608
906   $0DLC

