LEADER 00812cam a2200253I  4500
001 004000740-5
005 20060622101035.0
008 800305m18061807pau    b      000 0 eng  
010   $a   35033903 
035 0 $aocm15443050
035 0 $aocm19449463
035 0 $aocm06054093
040   $aDLC$cSOL$dHVL
090   $aKD7499$b.P38 1806
100 1 $aPeake, Thomas,$d1771-1838.
245 12$aA compendium of the law of evidence$cby Thomas Peake.
250   $a2d American, from the 2d London ed.,$bwith very considerable additions.
260   $aPhiladelphia,$bPrinted for P. Byrne,$c1806-07.
300   $a2 v. in 1.$c24 cm.
650  0$aEvidence (Law)$zGreat Britain.
830  0$a19th-century legal treatises ;$vno. 75036-75042.$5law
830  0$aMaking of modern law$5net
988   $a20020608
906   $0DLC

