LEADER 01322nam a2200301I  4500
001 004000741-3
005 20060615105250.0
008 800306s1621    enk           000 0 fre  
010   $a   21022036 
035 0 $aocm06056428
040   $aDLC$cFSL$dHVL
043   $ae-uk---
050 00$aKD979$b.P47 1621
090   $aKD833$b.L5713 1621
100 1 $aPerkins, John,$d-1545.
245 12$aA Profitable booke of Mast. Iohn Perkins, Fellow of the Inner Temple.$bTreating of the Lawes of England.
260   $aLondon,$bPrinted for the Company of Stationers. Cum Priuilegio.$c1621.
300   $a24 p. ℓ., 168 numb. ℓ.$c11 cm.
500   $aNumber 36 omitted and number 39 duplicated in foliation.
500   $aText in French ; ornamental initial at beginning of first chapter ; sections numbered consecutively throuh the text.
510 4 $aSTC (2nd ed.)$c19644.5
510 4 $aESTC$cS108656
650  0$aLaw$zGreat Britain.
650  0$aConveyancing.
650  0$aConveyancing$zGreat Britain.
776 08$iOnline version:$aPerkins, John, -1545.$sProfitable booke treating of the lawes of England.$tProfitable booke of Mast. Iohn Perkins, fellow of the Inner Temple, treating of the lawes of England.$dLondon : Printed for the Company of Stationers, 1621$w(OCoLC)889641303
988   $a20020608
906   $0DLC

