LEADER 00656nam a2200229I  4500
001 004000742-1
005 20070901105650.0
008 800319s1931    be a          000 0 fre  
010   $a   31006447 
035 0 $aocm06102944
040   $aDLC$cAZS$dAZS$dHTV
050   $aN5350$b.C3
050   $aN5350$b.C3 1931
082   $a709.32
100 1 $aCapart, Jean,$d1877-1947.
245 10$aPropos sur l'art égyptien ,$cpar Jean Capart.
260   $aBruxelles,$bÉdition de la Fondation égyptologique reine Elizabeth,$c1931.
300   $axvi, 307 p.$billus.$c26 cm.
650  0$aArt$zEgypt.
651  0$aEgypt$xAntiquities.
988   $a20020608
906   $0DLC

