LEADER 00905nam a2200265I  4500
001 004000743-X
005 20020606095253.2
008 800319s1845    fr            000 0 fre  
010   $a   32002065 
035 0 $aocm06105904
040   $aDLC$cVIC$dHVL
043   $ae-fr---
050 00$aKJV5687$b.N48 1845
090   $aHD642$b.N5
100 2 $aNeveu-Derotrie, Eugene Joseph Armand.
245 10$aCommentaire sur les lois rurales françaises, :$bexpliquées par la jurisprudence et la doctrine des auteurs, suivi d'un essai sur les usages locaux, /$cpar E.-J.-A. Neveu-Derotrie.
260   $aParis :$bCosse et N. Delamotte,$c1845.
300   $aviii, [9]-602 p. ;$c22 cm.
650  0$aAgricultural laws and legislation$zFrance.
650  0$aReal property$zFrance.
650  0$aHighway law$zFrance.
710 1 $aFrance.$kLaws, statutes, etc.
710 1 $aFrance.
988   $a20020608
906   $0DLC

