LEADER 00772cam a2200253I  4500
001 004000744-8
005 20020606095253.2
008 800320s1866    nyu           000 0 eng  
010   $a   12003261 
035 0 $aocm06111126
040   $aDLC$cRRR$dRRR$dHLS
050 0 $aE453$b.B41
100 1 $aBeecher, Henry Ward,$d1813-1887.
245 14$aThe amendment to the Constitution :$bBeecher's letters and Greeley's reply.
260   $aNew York,$c1866.
300   $a11 p.$c23 cm.
440  4$aThe Tribune tracts,$vno. 3
500   $aCaption title.
610 10$aUnited States.$tConstitution.$n14th Amendment.
650  0$aReconstruction.
650  0$aConstitutional amendments$zUnited States.
700 1 $aGreeley, Horace,$d1811-1872.
988   $a20020608
906   $0DLC

