LEADER 00793nam a2200217I  4500
001 004000745-6
005 20080903123822.0
008 800321s1778    po       b    000 0 por d
035 0 $aocm06113363
040   $aMNU$cMNU$dHVL
043   $ae-po---
045   $av5v7
100 1 $aSousa, José Roberto Monteiro de Campos Coelho e.
245 00$aRemissoens das leys novissimas, decretos, avisos, e mais disposiçoens, que se promulgáraõ ... de el rei Dom Jozé o I ... e ... Dona Maria I ...$cpor José Roberto M. C. C. e Sousa.
246 3 $aRemissoens das leys novissimas, decretos ...
260   $aLisboa,$bNa Officina de J. A. da Silva,$c1778.
300   $a2 v. in 1. ;$c21 cm.
500   $aSilva, v. 5, no. 4661.
650  0$aLaw$zPortugal$vBibliography.
988   $a20020608
906   $0OCLC

