LEADER 00804nam a2200229I  4500
001 004000746-4
005 20020606095253.2
008 800322s1940    gw       b    000 0 ger  
010   $a   42041195 
035 0 $aocm06116466
040   $aDLC$cNOC$dHLS
050 0 $aDS518$b.B36
082   $a950
100 1 $aBecker, Otto,$d1885-1955.
245 14$aDer Ferne Osten und das Schicksal Europas, 1907-1918;$bein Beitrag zur Geschichte der Einkreisung und des Weltkrieges.
260   $aLeipzig,$bKoehler & Amelang$c[1940]
300   $a125 p.$c20 cm.
500   $a"In Verbindung mit dem Gemeinschaftswerk deutscher Historiker Die Westmächte und die europäische Ordnung."
504   $aBibliography included in "Belege" (p. 112-125)
650  0$aEastern question (Far East)
988   $a20020608
906   $0DLC

