LEADER 01033cas a2200289 a 4500
001 004000747-2
005 00000000000000.0
008 800325d19181935enkwr p       0   a0eng d
035 0 $aocm06126331
040   $aVPI$cVPI$dNYG$dHBS
090   $aTF1$b.R32
245 00$aRailway gazette and railway news :$ba journal of railway management, engineering, operation and railway news.
260   $aLondon, Eng. :$b[s. n.],
300   $av. :$bill. ;$c31 cm.
362 0 $a(Dec. 1918)-v. 62, no. 2 (Jan. 11, 1935).
500   $aTitle from caption.
500   $aDescription based on: vol. 36, no. 15, Ap. 14, 1922.
580   $aIncludes supplement: Diesel railway traction, 1933-34.
580   $aAbsorbed Railway news, Dec. 1918.
650  0$aRailroads$vPeriodicals.
730 0 $aTransport and railroad gazette.
730 0 $aRailway gazette and railway news.
770 1 $tDiesel railway traction$g1933-34
780 00$tRailway gazette
785 08$tRailway gazette$x0033-8907$w(OCoLC)6126343
988   $a20020608
906   $0OCLC

