LEADER 01597cas a2200385 a 4500
001 004000748-0
005 20020606095253.2
008 800325d19351970enksrzp       0   a0eng d
010   $asn 85005121 
022   $a0033-8907
035 0 $aocm06126343
040   $aVPI$cVPI$dNYG$dAIP$dNSD$dIUL$dNST$dHBS
042   $alcd
090   $aTF1$b.R32
130 0 $aRailway gazette (London, England : 1935)
245 04$aThe railway gazette.
260   $aLondon, Eng. :$b[s. n.],$c1935-1970.
300   $a65 v. :$bill. ;$c31 cm.
310   $aSemimonthly
362 0 $aVol. 62, no. 3 (Jan. 18, 1935)-v. 126, no. 18 (Sept. 1970).
500   $aTitle from caption.
500   $a"A journal of management, engineering and operation."
510 2 $aComputer & control abstracts$x0036-8113$b1968-1970
510 2 $aElectrical & electronics abstracts$x0036-8105$b1968-1970
510 2 $aPhysics abstracts. Science abstracts. Series A$x0036-8091$b1968-1970
580   $aIncludes supplements: Diesel railway traction, bound with: Railway gazette -1938, issued separately 1939- ; Overseas railways, bound with: Railway gazette -1948, issued separately 1949-
580   $aIncorporated Diesel railway traction, Jan. 1964.
650  0$aRailroads$vPeriodicals.
730 0 $aTransport and railroad gazette.
770 1 $tDiesel railway traction$g-1938$w(OCoLC)1566625
770 1 $tOverseas railways$g-1948$w(OCoLC)1716845
780 00$tRailway gazette and railway news$w(OCoLC)6126331
785 00$tRailway gazette international$x0373-5346$w(OCoLC)2246087
988   $a20020608
906   $0OCLC

