LEADER 00772cam a2200193I  4500
001 004000749-9
005 20020606095253.2
008 800326s1680    enk           000 0 eng d
035 0 $aocm06130838
040   $aCOO$cCOO$dOCL$dHVL
090   $aDA432 1690$b.C6 no.1
245 04$aThe Privileges and practice of parliaments in England:$bcollected out of the common laws of this land.$cSeen and allowed by the learned in the laws. Commended to the High Court of Parliament.
260   $aLondon,$bR. Harford,$c1680.
300   $a44 p.$c22 cm.
500   $aNo. 1 in a vol. of pamphlets with collective title page: A collection of three tracts ....London, 1690.
500   $aWing P3535.
610 10$aGreat Britain.$bParliament$xRules and practice.
988   $a20020608
906   $0OCLC

