LEADER 01269cam a2200325Ii 4500
001 004000750-2
005 20020606095253.2
008 800328q19361937gs ach        000 0brusod
020   $c3.50 rub
035 0 $aocm06137791
040   $aCOO$cCOO$dOCL$dHLS
043   $aa-gs---
050  4$aPG3476.M3$bZ78
090   $aPG3476.M21$bZ7846
245 00$aMai︠a︡kovskiĭ v Gruzii :$bsbornik materialov /$csostavili G. V. Bebutov i B. I. Korneev ; red. A. S. Tatarishvili.
260   $aTbilisi :$bZari︠a︡ Vostoka,$c[1937?]
300   $a196 p. :$bill., ports., facsims. ;$c19 cm.
600 10$aMayakovsky, Vladimir,$d1893-1930$vBiography.
600 10$aMayakovsky, Vladimir,$d1893-1930$xHomes and haunts$zGeorgia (Republic)
600 10$aMayakovsky, Vladimir,$d1893-1930.
700 1 $aMayakovsky, Vladimir,$d1893-1930.
700 1 $aBebutov, Grigoriĭ Vladimirovich,$d1800-$ecomp.
700 1 $aKorneev, B. I.,$ecomp.
700 1 $aTatarishvili, A. S.,$eed.
700 1 $aBebutov, Grigoriĭ Vladimirovich,$d1800-$ecompiler.
700 1 $aKorneev, B. I.,$ecompiler.
700 1 $aTatarishvili, A. S.,$eeditor.
776 08$iOnline version:$tMai͡akovskiĭ v Gruzii.$dTbilisi : Zari͡a Vostoka, [1937?]$w(OCoLC)610591844
988   $a20020608
906   $0OCLC

