LEADER 01190cam a2200205I  4500
001 004000751-0
005 20020606095253.2
008 800405s1909    enk           000 0 eng  
010   $a   19008354 
035 0 $aocm06170348
040   $aDLC$cCOO$dOCL$dHLS
050 0 $aPR6003.E4$bY4 1909
100 1 $aBeerbohm, Max,$cSir,$d1872-1956.
245 10$aYet again,$cby Max Beerbohm.
260   $aLondon,$bChapman and Hall,$c1909.
300   $aviii, 326 p.$c20 cm.
500   $aEssays first published in various periodicals.
505 0 $aThe fire.--Seeing people off.--A memory of a midnight express.--Porro unum.--A club in ruins.--'273'.--A study in dejection.--A pathetic imposture.--The decline of the graces.--Whistler's writing.--Ichabod.--General elections.--A parallel.--A morris for May-day.--The House of commons manner.--The naming of streets.--On Shakespeare's birthday.--A home-coming.--'The ragged regiment'.--The humour of the public.--Dulcedo judiciorum.--Words for pictures: 'Harlequin'.--'The garden of love'.--'Ariane et Dionyse'.--'Peter the Dominican'.--'L'oiseau bleu'.--'Macbeth and the witches'.--'Carlotta Grisi'.--'Ho-tei'.--'The visit'.
988   $a20020608
906   $0DLC

