LEADER 00747nam a2200241I  4500
001 004000752-9
005 20020606095253.2
008 800416s1661    enk           000 0 eng  
010   $a   36025800 
035 0 $aocm06210140
040   $aDLC$cFSL$dHVL
041 0 $aenglat
090   $aKD315$b.P5
100 1 $aPhillipps, W.
245 14$aThe principles of law reduced to practice.$cBy W. Phillipps.
260   $aLondon,$bPrinted for Hen. Twyford, Thomas Dring, Iohn Place,$c1661.
300   $a18 p. l., 167 p.$c14 x 8 cm.
500   $aSignatures: A¹³, a⁶, B-H¹².
500   $aError in paging: p. 153 incorrectly numbered 135.
650  0$aLegal maxims$zGreat Britain.
650  0$aLaw$zGreat Britain.
988   $a20020608
906   $0DLC

