LEADER 00833nam a2200217I  4500
001 004000753-7
005 20060622100626.0
008 800417s1811    pau           000 0 eng  
010   $a   09027199 
035 0 $aocm06215639
040   $aDLC$cVIC$dHVL
050   $aHF1239$b.M8
100 1 $aMontefiore, Joshua,$d1762-1843.
245 14$aThe American trader's compendium; :$bcontaining the laws, customs, and regulations of the United States, relative to commerce. Including the most useful precedents adapted to general business ... /$cBy J. Montefiore ...
260   $aPhiladelphia :$bS. R. Fisher, junr.,$c1811.
300   $axii, 304 p. ;$c22 cm.
650  0$aCommercial law$zUnited States.
830  0$a19th-century legal treatises ;$vno. 62373-62376.$5law
830  0$aMaking of modern law$5net
988   $a20020608
906   $0DLC

