LEADER 01103nam a2200325 i 4500
001 004000754-5
005 20090902105150.0
008 800403s1824    xxu           000 0 eng d
010   $a   07007743 
016 7 $a8003305$2DNLM
035 0 $aocm06221644
035 0 $aocm06221644$zocm02774023
040   $aNLM$cNLM$dAQM$dMDU$dHVL
050 0 $aRK61$b.P355
060 00$aWU$bP353a 1824
060 00$aFilm 11286 no. 4
100 2 $aPeabody, Nathaniel,$d1774-1855.
245 14$aThe art of preserving teeth /$cby Nathaniel Peabody.
260   $aSalem :$bPrinted by Joshua and John D. Cushing,$c1824.
300   $a31 p. ;$c23 cm.
500   $a"Sold by Cushing & Appleton, wholesale and retail": [1] p. at end.
650  0$aTeeth$xCare and hygiene.
650  0$aDentistry.
650  2$aDentistry$vPopular Works.
650  2$aOral Hygiene.
650  2$aTooth Diseases$vCase Reports.
650  2$aTooth Diseases$xtherapy.
776 08$iAlso issued on microfilm.$d[Bethesda, Md.] : National Library of Medicine, 2000.$h1 microfilm reel : positive ; 35 mm.
988   $a20020608
906   $0OCLC

