LEADER 01166nam a2200277I  4500
001 004000755-3
005 20070901105650.0
008 800429s1937    enkae         000 0 eng  
010   $a   38010107 
035 0 $aocm06261281
040   $aDLC$cIAY$dHTV
043   $af-ua---
050 0 $aDT57$b.E5 no. 58
050 0 $aDT57$b.E5 no.58 1937
082   $a913.32
100 1 $aPetrie, W. M. Flinders$q(William Matthew Flinders),$cSir,$d1853-1942.
245 10$aAnthedon, Sinai,$cby Flinders Petrie ... with chapters by J. C. Ellis.
260   $aLondon,$bBritish school of archaeology [etc.]$c1937.
300   $avii, 16 p.$b51 pl. (incl. plans, tables)$c31 x 25 cm.
490 1 $aBritish school of archaeology in Egypt and Egyptian research account. Forty-second year, 1936. [Publication no. 58]
651  0$aAnthedon. Sinaitic peninsula.
700 1 $aEllis, J. C.
776 08$iOnline version:$aPetrie, W.M. Flinders (William Matthew Flinders), Sir, 1853-1942.$tAnthedon, Sinai.$dLondon, British school of archaeology [etc.] 1937$w(OCoLC)602920234
810 2 $aBritish School of Archaeology in Egypt.$tPublications ;$vv. 58.
988   $a20020608
906   $0DLC

