LEADER 01229nam a2200277I  4500
001 004000757-X
005 20020606095253.2
008 800505s1885    uy            000 0 spa  
010   $a   17000389 //r
035 0 $aocm06282148
040   $aDLC$cNMW$dHLS
043   $as-uy---
050 0 $aAC75$b.B3
100 1 $aBauzá, Francisco,$d1849-1899.
245 10$aEstudios literarios.
260   $aMontevideo,$bA. Barreiro y Ramos,$c1885.
300   $a291 p.$c19 cm.
490 0 $aBiblioteca de autores uruguayos
505 0 $aFrancisco Acuña de Figueroa.--Diógenes y sus ideas.--Los poetas de la revolución.--La religion y la ciencia. (Juicio critico sobre el libro de Draper)--César Diaz.--Juna Cárlos Gomez.--Cuadros de costumbres: El gaucho. Un gobierno de otros tiempos. Las trillas.
600 10$aDraper, John William,$d1811-1882.$tHistory of the conflict between religion and science.
600 00$aDiogenes,$d-approximately 323 B.C.
650  0$aUruguayan literature$xHistory and criticism.
651  0$aUruguay$xSocial life and customs.
776 08$iOnline version:$aBauzá, Francisco, 1849-1899.$tEstudios literarios.$dMontevideo, A. Barreiro y Ramos, 1885$w(OCoLC)656982139
988   $a20020608
906   $0DLC

