LEADER 00714nam a2200205I  4500
001 004000759-6
005 20090712174410.0
008 800507s1893    nyua          001 0 eng  
010   $a   05005324 
035 0 $aocm06291908
040   $aDLC$cSUC$dSUC$dHLS
050   $aQC641$b.B41
100 1 $aBedell, Frederick,$d1868-
245 00$aAlternating currents:$ban analytical and graphical treatment for students and engineers.$cBy Frederick Bedell and Albert Cushing Crehore.
260   $aNew York,$bThe W. J. Johnston co.$c1893.
300   $a325 p.$bdiagrs.$c24 cm.
650  0$aElectric currents, Alternating.
700 1 $aCrehore, Albert C.$q(Albert Cushing),$d1868-$ejoint author.
988   $a20020608
906   $0DLC

