LEADER 00789nam a2200205I  4500
001 004000760-X
005 20020606095253.2
008 800513s1602    fr            000 0 lat d
035 0 $aocm06311341
040   $aRRR$cRRR$dHVL
090   $aZZ6040$b.P45
100 1 $aPeleus, Julien,$d-1625?
245 10$aQue̜stionũ, publicè tractatarum, liber primus,$bqui de iure connubiorum ...
260   $aLutetiæ,$bEx officina typographica Cl. Morelli,$c1602.
300   $a96, [4], 9-39, [2], 16-83, [1], 80 p.$c17 1/2 cm.
500   $aAt head of title: Iuliani Pelei in senatu Parisiensi advocati.
500   $aSignatures: A-M⁴, [2d]A², [2d]B-[2d]E⁴, AB¹, [3d]C-[3d]D⁴, [4th]C-[2d]H⁴, [2d]I², [3d]A-[2d]K⁴.
650  0$aMarriage$vEarly works to 1800.
988   $a20020608
906   $0OCLC

