LEADER 00804nam a2200169Ii 4500
001 004000761-8
005 20020606095253.2
008 800516s1733    gw            001 0 lat d
035 0 $aocm06325137
040   $aRSC$cRSC$dHVL
100 1 $aReiffenstuel, Anaklet,$d1641 or 1642-1703.
245 10$aTractatus de regulis juris,$bclara methodo per quaestiones, et fundatas responsiones solidam earum, quae quinto & sexto libro decretalium sunt annexae explicationem continens, cum duplici indice verborum et imsarum regularium ; et Appendice omnes regulas juris civilis in digestis Tit. de Regulis Juris contentas pro summaria notitia exhibente ...
260   $aIngolstadii :$bJ. A. de La Haye,$c1733.
300   $a204 p. ;$c33 cm.
500   $aVol. 6 of His: Jus canonicum universum.
988   $a20020608
906   $0OCLC

