LEADER 00798nam a2200229Ii 4500
001 004000762-6
005 20020606095253.2
008 800522s1975    lh ac         000 0 eng d
035 0 $aocm06349369
040   $aWAU$cWAU$dHLS
041 0 $aengger
043   $ae-ur---
090   $aDK246$b.S43x vol.1
245 04$aThe bed-rock of the revolution :$bfrom Lenin to Stalin.
260   $aNendeln :$bKraus reprint,$c1975.
300   $a3 v. :$bill., ports. ;$c25 cm.
440  0$aSeeds of conflict : Series 4, The Russian Revolution from the October Revolution to the Moscow trials, 19l7-1936 ;$v1
651  0$aSoviet Union$xHistory$yRevolution, 1917-1921.
651  0$aSoviet Union$xHistory$y1917-1945.
651  0$aSoviet Union$xPolitics and government$y1917-1945.
988   $a20020608
906   $0OCLC

