LEADER 00804nam a2200229Ii 4500
001 004000763-4
005 20020606095253.2
008 800523s1973    gs a          000 0 rusr 
010   $a   74352291 
015   $aUSSR74
035 0 $aocm06351132
040   $aDLC$cBXM$dHLS
050   $aPG3021$b.B33
100 1 $aBebutov, G. V.$q(Grigoriĭ Vladimirovich),$d1880-
245 10$aOtrazhenii︠a︡ :$bvospominanii︠a︡, statʹi /$cG. Bebutov.
260   $aTbilisi :$b"Merani,"$c1973.
300   $a175 p. with ill., 4 leaves of ill. inserted ;$c20 cm.
650  0$aRussian literature$y20th century.
650  0$aGeorgian literature.
776 08$iOnline version:$aBebutov, G.V. (Grigoriĭ Vladimirovich), 1880-$tOtrazhenii͡a.$dTbilisi : "Merani", 1973$w(OCoLC)558247509
988   $a20020608
906   $0DLC

