LEADER 00905cam a2200241I  4500
001 004000764-2
005 20070901105650.0
008 800605s1843    enkabcf       000 0 eng  
010   $a   05003783 
035 0 $aocm06388460
040   $aDLC$cCLE$dOCL$dHTV
050   $aDS352$b.V68
050   $aDS352$b.V68 1843
100 1 $aVigne, Godfrey Thomas,$d1801-1863.
245 12$aA personal narrative of a visit to Ghuzni, Kabul and Afghanistan,$band of a residence at the court of Dost Mohamed: with notices of Runjit Sing, Khiva, and the Russian expedition.$cBy G. T. Vigne.
250   $a2d ed.
260   $aLondon,$bG. Routledge,$c1843.
300   $axiii p., 1 ℓ., 479 p.$bfront., illus., plates, ports., fold. map.$c22 cm.
650  0$aRussians$zAsia, Central.
651  0$aAfghanistan$xDescription and travel.
651  0$aPunjab (India)$xDescription and travel.
988   $a20020608
906   $0DLC

