LEADER 01122nam a2200193I  4500
001 004000765-0
005 20020606095253.2
008 800607s1781    fr            001 0 fre  
010   $a   25022838 
035 0 $aocm06396576
040   $aDLC$cVAL$dVAL$dHVL
100 0 $aPreudhomme,$cavocat en Parlement.
245 10$aTraité des droits appartenans aux seigneurs sur les biens possédés en roture;$bavec l'application des coutumes, des décisions du Conseil & des arrêts de la cour; la maniere d'intenter les actions qui on rapport à cette matiere, & d'y défendre: le tout suivant le droit commun, & la jursiprudence actuelle.$cPar M. Preudhomme, avocat en Parlement.
260   $aParis,$bFroullé,$c1781.
300   $axxiv, 618 p.$c26 cm.
505 0 $aPréface.--Des rotures.--Du cens.--Des lods et ventes.--De l'exhibition du contrat.--De la saisine et dessaisine.--Des ecroux, reconnaissances du cens, papiers terriers et cueilloirs.--De la saisie censuelle.--Du retrait censuel.--Du champart.--Du franc-aleu.--Table des matieres.
650  0$aLand tenure$xLaw and legislation$zFrance.
988   $a20020608
906   $0DLC

