LEADER 00884nam a2200229I  4500
001 004000766-9
005 20020606095253.2
008 800609s1930    cauab         000 0 eng  
010   $a   30027371 
035 0 $aocm06398826
040   $aDLC$cZYU$dHLS
050 0 $aHF5381$b.C255 no.1
082   $a371.425
100 1 $aBedford, James Hiram,$d1893-
245 10$aVocational interests of high-school students,$cby James H. Bedford.
260   $aBerkeley, Calif.,$c1930.
300   $a55 p.$billus. (map) diagrs.$c23 cm.
490 0 $aUniversity of California. [School of education. Division of vocational education. Vocational-guidance series,$vno.1
500   $aAt head of title: ... Division bulletin no.25. Division of vocational education of the University of California and of the State department of education.
650  0$aVocational guidance.
988   $a20020608
906   $0DLC

