LEADER 01873cam a22004691a 4500
001 004000767-7
005 20090225122549.0
008 800611s1899    mauaf  j      000 f eng  
010   $a   99001928 
035 0 $aocm06407542
040   $aDLC$cVA@$dDLC$dOCLCQ$dOCLCG$dFUG
043   $an-us-ma
050 00$aPZ3.B289$bWh$aPS1074.B88
082 04$a818.49
100 1 $aBarton, William Eleazar,$d1861-1930.
245 10$aWhen Boston braved the king :$ba story of tea-party times /$cby William E. Barton ; illustrated by Frank O. Small.
260   $aBoston ;$aChicago :$bW.A. Wilde & Company,$cc1899.
300   $a314, 6 p., [5] leaves of plates :$bill.$c20 cm.
500   $aPublisher's catalogue follows text.
500   $aWright III, 373a.
650  0$aBoston Tea Party, 1773$vJuvenile fiction.
650  0$aYouth$xConduct of life$vJuvenile fiction.
650  0$aConduct of life$vJuvenile fiction.
650  0$aApprentices$vJuvenile fiction.
650  0$aStudents$vJuvenile fiction.
650  0$aLiberty$vJuvenile fiction.
650  0$aFriendship$vJuvenile fiction.
651  0$aBoston (Mass.)$xHistory$vJuvenile fiction.
655  7$aPublishers' catalogues$y1899.$2rbgenr
650  0$aBoston Tea Party, Boston, Mass., 1773$vJuvenile fiction.
651  0$aBoston (Mass.)$xHistory$yRevolution, 1775-1783$vJuvenile fiction.
655  7$aFiction.$2fast
655  7$aHistory.$2fast
655  7$aJuvenile works.$2fast
710 2 $aW.A. Wilde Company.$4pbl
752   $aUnited States$bMassachusetts$dBoston.
752   $aUnited States$bIllinois$dChicago.
700 1 $aSmall, Frank O.,$d1860-$eillustrator.
776 08$iOnline version:$aBarton, William Eleazar, 1861-1930.$tWhen Boston braved the king.$dBoston ; Chicago : W.A. Wilde & Company, ©1899$w(OCoLC)647205460
988   $a20020608
049   $aHMGG
906   $0DLC

