LEADER 00727cas a2200253I  4500
001 004000769-3
005 20020606095253.2
008 800612c19629999ag  x p       0    0spa  
010   $a   63023919 
016 7 $aA28800000$2DNLM
035 0 $aocm06414054
040   $aDLC$cLUU$dOCL$dHMS
050   $aQR1$b.A73
110 2 $aInstituto Nacional de Microbiología (Argentina)
210 0 $aAn Inst Nac Microbiol
245 00$aAnales.
260   $aBuenos Aires.
300   $av.$bill., maps.$c27 cm.
362 0 $av. 1- 1962-
580   $aSupersedes the Institute's Revista, 1917-54.
650  0$aMedical microbiology$vPeriodicals.
780 12$tRevista del Instituto Malbrán$w(OCoLC)1537585
988   $a20020608
906   $0DLC

