LEADER 00776nam a2200253I  4500
001 004000771-5
005 20020606095253.2
008 800617s1768    stk           000 0 eng  
010   $a   48034284 
035 0 $aocm06391143
035 0 $aocm06431645
040   $aDLC$cVJA$dHVL
050   $aJC179$b.M74 1768
100 1 $aMontesquieu, Charles de Secondat,$cbaron de,$d1689-1755.
245 14$aThe spirit of laws,$ctranslated from the French.
250   $a4th ed.
260   $aEdinburgh,$bA. Donaldson,$c1768.
300   $a2 v.$c19 cm.
650  0$aPolitical science$vEarly works to 1800.
650  0$aState, The$vEarly works to 1800.
650  0$aLaw$xPhilosophy$vEarly works to 1800.
650  0$aJurisprudence$vEarly works to 1800.
988   $a20020608
906   $0DLC

