LEADER 00591cam a2200193Ii 4500
001 004000772-3
005 20020606095253.2
008 800619q18001899nyucf         000 0beng d
035 0 $aocm06438231
040   $aKAT$cKAT$dOCL$dHLS
090   $aBX4700.V6$bB43
100 1 $aBedford, Henry,$d1816-1903.
245 14$aThe life of St. Vincent de Paul /$cby Henry Bedford.
260   $aNew York :$bD. & J. Sadlier,$c[18--]
300   $axxvii, 216 p. [1] leaf of plates :$bport. ;$c20 cm.
490 0 $aPopular library
600 00$aVincent de Paul,$cSaint,$d1581-1660.
988   $a20020608
906   $0OCLC

