LEADER 01019nam a2200253I  4500
001 004000773-1
005 20020606095253.2
008 800626s19639999cs            000 0 czer 
010   $a   64026607 
035 0 $aocm06462539
040   $aDLC$cTJC$dTJC$dHLS
050 0 $aPG5401$b.D43
245 00$aDejiny slovenskej literatúry.$c[Vyd. 1.]
260   $aBratislava,$bSlovenské pedagogické nakl.,$c1963-
300   $av.$c21-25 cm.
490 0 $aDoc̆asná vysokos̆kolská uc̆ebnica pre pedagogické ins̆titúty
500   $aAt head of title, v. 1- : Ŭstav pre dialʹkové s̆túdium uc̆itelʹov pri UK v Bratislave. Ján Béder; v. 2- : ŭstav pre dialʹkove s̆túdium uc̆itelʹov pri UK v Bratislav. C̆óepan [et al.]
500   $aVols. 2- have series: Doc̆asná vysokos̄kolská uc̆ebnica pre pedagogické fakulty.
504   $aIncludes bibliographies.
650  0$aSlovak literature$xHistory and criticism.
700 1 $aBéder, Ján.
700 1 $aČepán, Oskár.
988   $a20020608
906   $0DLC

