LEADER 01009cam a2200241I  4500
001 004000774-X
005 20020606095253.2
008 800626s1900    nyua          000 0 eng c
010   $ags 06000438 
035 0 $aocm06463293
040   $aU.S. Geol. Library$cMNP$dOCL$dHLS
050  4$aQH219$b.B35 1900
110 2 $aBausch & Lomb Optical Company.
245 10$aMicroscopes and accessories ... Catalogue A.
250   $a16th ed.
260   $a[Rochester, N.Y.,$bThe Genesee press, etc.,$cc1900]
300   $a186 p. incl. front.,$billus.$c26 cm.
650  0$aMicroscopes.
650  0$aMicroscopy.
776 08$iOnline version:$aBausch & Lomb Optical Company.$tMicroscopes and accessories ... Catalogue A.$b16th ed.$d[Rochester, N.Y., The Genesee press, etc., ©1900]$w(OCoLC)551294560
776 08$iOnline version:$aBausch & Lomb Optical Company.$tMicroscopes and accessories ... Catalogue A.$b16th ed.$d[Rochester, N.Y., The Genesee press, etc., ©1900]$w(OCoLC)609152499
988   $a20020608
906   $0OCLC

