LEADER 01205nam a2200289I  4500
001 004000775-8
005 20020606095253.2
008 800626s1914    ag            000 0 spa  
010   $a   19000355 
035 0 $aocm06464425
040   $aDLC$cKKU$dKKU$dHLS
050   $aHD1315$b.B3
100 1 $aBecu, Teodoro,$d1890-1946.
245 10$aImpuestos al mayor valor de la propiedad inmueble;$bsu applicación en la República Argentina.
260   $aBuenos Aires,$bImpr. "Alsina,"$c1914.
300   $a363 p.$c24 cm.
500   $aStamped on t.p.: Obtuvo medalla de oro "Premio Facultad," 1913.
500   $aAppendices: I. Ley federal que sanciona para el Imperio alemán el impuesto al mayor valor de la propiedad inmueble. II. Ley de 3 de julio de 1913 que modifica ligeramente la anterior. III. The Finance (1909-10) Act, 1910. IV. The Revenue Act, 1911; que modifica parcialmente la anterior.
502   $aThesis--Buenos Aires.
504   $aBibliographical footnotes.
650  0$aUnearned increment.
650  0$aLand value taxation$zArgentina.
650  0$aLand value taxation.
650  0$aReal property tax$zArgentina.
650  0$aReal property tax.
988   $a20020608
906   $0DLC

