LEADER 00647nam a2200229I  4500
001 004000776-6
005 20020606095253.2
008 800701s1933    enk           000 0 eng  
010   $a   34001997 
035 0 $aocm06476100
040   $aDLC$cVIC$dVIC$dHLS
050   $aHC256.3$bB3
082   $a880.942
100 1 $aBeard, Gilbert.
245 10$aGovernment intervention in trade,$cby Gilbert Beard ...
260   $aManchester,$bJ. Heywood Ltd.$c[1933]
300   $a3 p.l., 66 p.$c22 cm.
650  0$aIndustrial policy.
650  0$aEconomic policy.
651  0$aGreat Britain$xEconomic conditions$y1918-1945.
988   $a20020608
906   $0DLC

