LEADER 00733nam a2200217I  4500
001 004000778-2
005 20080707103045.0
008 800707s1701    enk           000 0 lat d
035 0 $aocm06493564
040   $aRRR$cRRR$dHVL
090   $aZZ6040$b.P82
100 1 $aPufendorf, Samuel,$cFreiherr von,$d1632-1694.
245 10$a... De officio hominis et civis$bjuxta legem naturalem libri duo ...
260   $aCantabrigiae :$bTypis Academicis;$aLondini :$bProstant apud Timotheum Childe,$c1701.
300   $a[24], 127, 126-161, [5] p. ;$c16 1/2 cm.
500   $aSignatures: *⁴, A-L⁸, M⁴.
500   $aAt head of title: S. Puffendorfii.
650  0$aNatural law.
650  0$aPolitical science.
988   $a20020608
906   $0OCLC

