LEADER 00590nam a2200217I  4500
001 004000779-0
005 20020606095253.2
008 800716c19611957fr a     b    000 0 fre d
035 0 $aocm06521457
040   $aBUF$cBUF$dHLS
090   $aBF692$b.B2
100 1 $aBataille, Georges,$d1897-1962.
245 12$aL'érotisme.
260   $aParis :$bÉditions de Minuit,$c[1961, c1957]
300   $a306 p.$billus.
490 1 $aArguments,$v5
504   $aBibliographical footnotes.
650  0$aSex (Psychology)
830  0$aArguments (Editions de Minuit) ;$v5.
988   $a20020608
906   $0OCLC

