LEADER 01685nam a2200325I  4500
001 004000780-4
005 20020606095253.2
008 800725s1617    fr            001 0 fre d
035 0 $aocm06552306
040   $aRRR$cRRR$dHVL
043   $ae-fr---
050  4$aJN2423$b.L3
090   $aZZ6040$b.L41
100 2 $aLa Roche Flavin, Bernard de,$d1552-1627.
245 10$aTreze livres des parlemens de France.$bEsquels est amplement traicte de leur origine et institution, et des presidens, conseilliers, gens du roy ... & autres officiers; & de leur charge, devoir, & iurisdiction: ensemble de leur rangs, seances, gages, privileges, reglements, & mercurialles.$cPar M. Bernard de la Roche Flavin ...
246 30$aEsquels es amplement traicté de leur origine et institution, et des presidens, conseilliers, gens du roy, greffiers, secretaires, Huissiers & autres officiers; & de leur charge, devoir, & jurisdiction: ensemble de leurs rangs, seances, gages, privileges, reglements, & mercurialles
260   $aA Bourdeaus :$bPar Simon Millanges,$c1617.
300   $a[24], 202, [3], 234-927, [1] p. ;$c36.5 cm. (folio)
500   $aSignatures: ã⁶, ẽ⁶, A-Q⁶, R & S⁶, T-4G⁶.
510 4 $aBrunet,$cvolume 3, 843.
510 4 $aGrässe,$cvolume 4, page 107.
610 10$aFrance.$bParlement$xHistory.
650  0$aLegislative bodies$zFrance$xHistory$vEarly works to 1800.
650  0$aCourts$zFrance$xHistory$vEarly works to 1800.
651  0$aFrance$xPolitics and government$vEarly works to 1800.
655  7$aHistory.$2fast
700 1 $aMillanges, Simon,$d1540 or 1541-1623,$ebookseller.
752   $aFrance$dBordeaux.
988   $a20020608
906   $0OCLC

