LEADER 00589cam a2200229I  4500
001 004000781-2
005 20060517112850.0
008 800725s1965    fr       b    000 0 fre  
010   $a   65087509 
035 0 $aocm06553079
040   $aDLC$cBUF$dOCL$dHLS
050 0 $aBF1078$b.B36
100 1 $aBecker, Raymond de,$d1916-
245 10$aRêve et sexualité.
260   $aParis,$bLa Table rounde$c[1965]
300   $a216 p.$c20 cm.
440  2$aL'ordre du jour
504   $aBibliographical footnotes.
650  0$aDreams.
650  0$aSex (Psychology)
988   $a20020608
906   $0DLC

