LEADER 01073nam a2200301I  4500
001 004000783-9
005 20070901105650.0
008 800731s1967    fr            001 0 fre  
010   $a   68077223 
015   $a(Ne67-Dec)
035 0 $aocm06571555$zocm00978217
035 0 $aocm06571555
040   $aDLC$cKKU$dHLS
050 0 $aPQ4075$b.B4 1967
050 0 $aPQ4075$b.B4
082   $a850.9/002
100 1 $aBec, Christian.
245 14$aLes marchands écrivains,$baffaires et humanisme à Florence, 1375-1434.
260   $aParis,$aLa Haye,$bMouton & Co.,$c1967.
300   $a492 p.$c24 cm.
490 1 $aÉcole pratique des hautes études, Sorbonne. 6e section : sciences économiques et sociales. Centre de recherches historiques. Civilisations et sociétés,$v9
504   $aBibliography: p. 449-473.
650  0$aItalian literature$y15th century$xHistory and criticism.
650  0$aMerchants, Italian$zItaly$zFlorence.
651  0$aFlorence (Italy)$xIntellectual life.
830  0$aCivilisations et sociétés ;$v9.
988   $a20020608
906   $0DLC

