LEADER 00834nam a2200217I  4500
001 004000784-7
005 20020606095253.2
008 800806r1878    fr            000 0 fre c
010   $aa  30000320 
035 0 $aocm06591757
040   $aUniv. of Calif. at Los Angeles$cCOO$dHLS
090   $aG765.G2$bB38 1878
100 1 $aBeauvois, E.$q(Eugène),$d1835-
245 10$aOrigines et fondation du plus ancien évêché du Nouveau monde;$ble diocèse de Gardhs en Groenland, 986-1126.$cPar E. Beauvois.
260   $aParis,$bE. Dufosse,$c1878.
300   $a36 p.$c26 cm.
500   $aPaged in duplicate: 2 p. l., [109]-140 p.
500   $a"Extrait des Mémoires de la Société d'histoire, d'archéologie et de littérature de l'arrondissement du Beaune, 1878."
651  0$aGardhs (Diocese)$y986-1126.
988   $a20020608
906   $0OCLC

