LEADER 00958nam a2200253Ii 4500
001 004000785-5
005 20020606095253.2
008 800814s1847    fr       b    001 0 fre d
035 0 $aocm06617225
040   $aLLT$cLLT$dHVL
043   $ae-fr---
050  4$aKJJ0$b.R587 1847
090   $aKJJ0$b.R587 1847
100 1 $aRodière, A.$q(Aimé),$d1810-1874.
245 10$aTraité du contrat de mariage et des droits respectifs des époux relativement à leurs biens :$bouvrage contenant en outre l'examen du droit d'enregistrement dans ses rapports avec les conventions matrimoniales /$cpar mm. A. Rodière, P. Pont.
260   $aParis :$bCotillon,$c1847.
300   $a2 v. ;$c22 cm.
504   $aIncludes bibliographical references and index.
650  0$aMarriage law$zFrance.
650  0$aHusband and wife$zFrance.
700 1 $aPont, Paul,$d1808-1888,$ejoint author.
700 1 $aPont, Paul,$d1808-1888,$eauthor.
988   $a20020608
906   $0OCLC

