LEADER 00800nam a2200241Ii 4500
001 004000786-3
005 20020606095253.2
008 800820m18331834fr            001 0 fre d
035 0 $aocm06637202
040   $aLLT$cLLT$dHVL
043   $ae-fr---
090   $aKJJ0$b.P697 1833
100 1 $aProudhon,$cM.$q(Jean Baptiste Victor),$d1758-1838.
245 10$aTraité du domaine public :$bou, De la distinction des biens considérés principalement par rapport au domaine public /$cpar m. Proudhon.
260   $aDijon :$bV. Lagier,$c1833-1834.
300   $a5 v. ;$c22 cm.
500   $aIncludes index.
650  0$aPublic domain$zFrance.
650  0$aHighway law$zFrance.
650  0$aWater$xLaw and legislation$zFrance.
710 1 $aFrance.$kLaws, statutes, etc.
988   $a20020608
906   $0OCLC

