LEADER 00816nam a2200217I  4500
001 004000787-1
005 20020606095253.2
008 800820s1813    enk           000 0 eng d
035 0 $aocm06639683
040   $aIBV$cIBV$dHVL
043   $ae-uk---
090   $aDA507 1813$b.R44
100 1 $aRedesdale, John Mitford,$cBaron,$d1748-1830.
245 10$aObservations occasioned by a pamphlet,$bentitled, "Objections to the project of creating a Vice-Chancellor of England."
260   $aLondon :$bPrinted for J. Hatchard,$c1813.
300   $a58 p. ;$c21cm.
500   $a"S. Gosnell, printer ... London."
500   $aThe pamphlet in question is by Sir Samuel Romilly.
600 10$aRomilly, Samuel,$cSir,$d1775-1818.$tObjections to the project of creating a Vice-Chancellor of England.
988   $a20020608
906   $0OCLC

