LEADER 00870nam a2200229Ii 4500
001 004000788-X
005 20020606095253.2
008 800821s1814    nyu           001 0 eng  
010   $a   28010858 
035 0 $aocm06640625
040   $aDLC$cLLT$dLLT$dHVL
043   $ae-fr---
090   $aKJJ0$b.F747 1814
110 1 $aFrance.
245 14$aThe commercial code of France :$bwith the motives for discourses of the counsellors of state, delivered before the legislative body, illustrative of the principles and provisions of the code ; translated from the French, with explanatory notes, and a complete analytical index /$cby John Rodman.
260   $aNew York :$bC. Wiley,$c1814.
300   $axiv, 383 p. ;$c22 cm.
500   $aIncludes index.
650  0$aCommercial law$zFrance.
700 1 $aRodman, John,$eeditor and translator
988   $a20020608
906   $0DLC

