LEADER 01093cam a2200289Ii 4500
001 004000789-8
005 20020606095253.2
008 800821s1724    stk           001 0 lat  
010   $a   26010638 
035 0 $aocm06642068
040   $aDLC$cSNC$dHVL
100 1 $aPufendorf, Samuel,$cFreiherr von,$d1632-1694.
245 00$aS. Pufendorfii, De officio hominis & civis juxta legem naturalem libri duo. /$cSupplementis & observationibus in academicae juventutis usum auxit & illustriones Gerschomes Carmichel.
246 3 $aDe officio hominis et civis.
250   $aEditio secunda priore auctior & emendatior.
260   $aEdinburgi :$bTypis Joannis Mosman & sociorum, impensis Joannis Paton,$c1724.
300   $axxii, ℓ, 536 p. ;$c16 cm.
500   $aSignatures: *⁸ **⁴ A-Mm⁸ Nn³
500   $aT-p. in red and black.
650  0$aNatural law.
650  0$aPolitical science.
650  0$aInternational law.
650  0$aInternational law and relations.
700 1 $aCarmichael, Gershom,$d1672-1729.
700 1 $aCarmichael, Gerschon.
988   $a20020608
906   $0DLC

