LEADER 01133nam a2200301Ii 4500
001 004000790-1
005 20020606095253.2
008 800826s1609    xx a          000 0 spa d
035 0 $aocm06657215
040   $aUMS$cUMS$dHVL
041 1 $aspalat
090   $aDP136$b.C37x
110 1 $aCastile (Kingdom)
245 10$aCommentaria in quatuor priores libros ordinationum regni Castellae /$cauthore Doctore Didaco Perez de Salamanca ...
246 3 $aOrdenanzas reales de Castilla.
260   $aSalmanticae :$bIn aedibus Antoniae Ramirez viduae ; expensis Ioannis Garciae Bibliopolae,$c1609.
300   $a2 v. ;$bcoat of arms ;$c29 cm.
500   $aSpanish and Latin.
500   $aCaption title (v.1): Ordenanzas reales de Castilla.
500   $aOriginally a work of A. D. de Montalvo; 1st ed. 1484 (Huete); contains 1,163 laws.
500   $aVol. 1 is 2d ed.
500   $aIncludes indexes and errata.
651  0$aSpain$xHistory$xSources.
651  0$aCastile (Spain)$xHistory$xSources.
700 2 $aDíaz de Montalvo, Alonso,$d1405-1499.
700 1 $aPérez, Diego,$dactive 1574.
988   $a20020608
906   $0OCLC

