LEADER 00570nam a2200193I  4500
001 004000791-X
005 20020606095253.2
008 800903s1914    gw            000 0 ger  
010   $a   16023673 
035 0 $aocm06676802
040   $aDLC$cVA@$dHLS
050 0 $aHM261$b.B3
100 1 $aBauer, Wilhelm,$d1877-
245 04$aDie öffentliche Meinung und ihre geschichtlichen Grundlagen.$cEin Versuch von Wilhelm Bauer.
260   $aTübingen,$bJ. C. B. Mohr (P. Siebeck)$c1914.
300   $avii, 335 p.$c25 cm.
650  0$aPublic opinion.
988   $a20020608
906   $0DLC

