LEADER 00900nam a2200265Ia 4500
001 004000792-8
005 20070901105651.0
008 800904s1927    enka          000 0 eng d
035 0 $aocm00938350
035 0 $aocm06682755
040   $aAZS$cAZS$dHTV$dHMM
041 1 $aeng$hger
100 1 $aEwers, Hanns Heinz,$d1871-1943.
240 10$aAmeisen.$lEnglish
245 14$aThe ant people /$cby Hanns Heinz Ewers ; translated by Clifton Harby Levy.
260   $aLondon :$bJohn Lane, The Bodley Head,$c1927.
300   $aix, 323 p. :$bill. ;$c20 cm.
650  0$aAnts$vPopular works.
650  0$aAnts$xBehavior$vPopular works.
650  0$aInsect societies$vPopular works.
650  0$aSocial behavior in animals$vPopular works.
700 1 $aLevy, Clifton Harby,$d1867-
830  0$aHarvard College Library preservation microfilm program 2003 ;$v09797.$5mmf
988   $a20020608
906   $0OCLC

