LEADER 00854nam a2200265I  4500
001 004000794-4
005 20071015202606.0
008 800911r1929    gw            000 0 ger  
010   $a   31007125 //r44
035 0 $aocm06699324
040   $aDLC$cCLE$dHTV
041 0 $ageregy
050   $aDT57$b.U6 bd.11
050   $aDT57$b.U6 bd.11 1929
082   $a493.117
100 1 $aPolotsky, Hans Jakob,$d1905-
245 00$aZu den inschriften der 11. dynastie,$cvon Jakob Polotsky.
260   $aLeipzig,$bJ. C. Hinrichs,$c1929.
300   $avi, [2], 71 p.$c30 cm.
440  0$aUntersuchungen zur Geschichte und Altertumskunde Ägyptens ;$vBd. 11
500   $aReproducecd from manuscript copy.
500   $a"Die arbeit ist zugleich als Göttinger dissertation gedruckt worden."
650  0$aInscriptions, Egyptian.
988   $a20020608
906   $0DLC

