LEADER 00682nam a2200241I  4500
001 004000795-2
005 20071015202606.0
008 800911m19421944au ab         000 0 ger c
010   $aaf 47001216 //r49
035 0 $aocm06699705
040   $aHarvard Univ. Library$cCLE$dHTV
043   $aa------
050   $aDS6$b.D5
050   $aDS6$b.D5 1942
082   $a915
100 1 $aDiez, Ernst,$d1878-1961,$eed.
245 10$aSo sahen sie Asien;$bReiseberichte von Herodot bis Moltke.
260   $aWien,$bK. H. Bischoff,$c1942-44.
300   $a2 v.$billus., maps.$c21 cm.
650  0$aVoyages and travels.
651  0$aAsia$xDescription and travel.
988   $a20020608
906   $0MH

