LEADER 00694cam a2200229Ii 4500
001 004000796-0
005 20020606095253.2
008 800912s1956    it       b    000 0 ita d
035 0 $aocm06702601
040   $aXBM$cXBM$dHLS
043   $ae-it---
090   $aDS135.185$bL52
100 1 $aBedarida, Guido.
245 10$aEbrei di Livorno :$btradizioni e gergo in 180 sonetti giudaico-livornesi /$cGuido Bedarida.
260   $aFirenze :$bF. Le Monnier,$c1956.
300   $axxiv, 198 p. ;$c25 cm.
504   $aIncludes bibliographical references.
650  0$aJews$zItaly$zLivorno.
650  0$aJews in literature.
650  0$aJewish poetry$zItaly$zLivorno.
988   $a20020608
906   $0OCLC

