LEADER 01294nam a2200337Ia 4500
001 004000798-7
005 20021217091235.0
008 800923s1935    gw       b    001 0blat  
010   $a   36000325 
035 0 $aocm06744143
040   $aDLC$cCOO$dHLS$dHMM
041 0 $alatger
043   $ae-uk-en
050 0 $aPD25$b.P3 no.198
100 0 $aBede,$cthe Venerable, Saint,$d673-735.
240 10$aVita Sancti Cuthberti
245 10$aBedas metrische Vita Sancti Cuthberti /$c[herausgegeben] von Werner Jaager.
260   $aLeipzig :$bMayer & Müller,$c1935.
300   $axi, 136 p. ;$c23 cm.
440  0$aPalaestra ;$vBd. 198
546   $aLatin text with German commentary.
500   $aCommentary, without Bede's text, originally presented as the editor's thesis (inaugural--Friedrich-Wilhelms-Universität Berlin, 1935).
504   $a"Literatur": p. [ix]-xi.
500   $a"Verzeichnis der Eigennamen": p. 134.
600 00$aCuthbert,$cSaint, Bishop of Lindisfarne,$dapproximately 635-687.
650  0$aChristian saints$zEngland$vBiography.
600 00$aBede,$cthe Venerable, Saint,$d673-735.$tVita Sancti Cuthberti.
700 1 $aJaager, Werner.
830  0$aHarvard College Library preservation microfilm program 2002 ;$v09300.$5mmf
988   $a20020608
906   $0DLC

