LEADER 00840nam a2200229I  4500
001 004000799-5
005 20020606095253.2
008 800924s1862    enkab         000 0 eng c
010   $aes 15000009 //r
035 0 $aocm06745844
040   $aU.S. Engineer School Lib.$cVTU$dHLS
050   $aTC160$b.B4
100 1 $aBeardmore, Nathaniel,$d1816-1872.
245 10$aManual of hydrology :$bcontaining I. Hydraulic and other tables, II. Rivers, flow of water, springs, wells, and percolation, III. Tides, estuaries, and tidal rivers, IV. Rainfall and evaporation.
260   $aLondon,$bWaterlow,$c1862.
300   $axii, 384 p.$bmaps (part fold.) diagrs., tables.$c22 cm.
500   $aErrata slip inserted.
650  0$aHydraulics$xCharts, diagrams, etc.
650  0$aHydrology.
650  0$aHydrodynamics.
988   $a20020608
906   $0OCLC

