LEADER 00836nam a2200217I  4500
001 004000801-0
005 20020606095253.2
008 800926s1863    mau           000 0 eng  
010   $a   33008170 
035 0 $aocm06756088
040   $aDLC$cYGM$dHLS
050   $aPS1084.B2$bE8 1863
082   $a814.4
100 1 $aBeecher, Henry Ward,$d1813-1887.
245 10$aEyes and ears.$cBy Henry Ward Beecher.
260   $aBoston,$bTicknor and Fields,$c1863.
300   $avii, 419 p.$c20 cm.
500   $a"Papers ... reprinted, with a few exceptions, from the New York Ledger, where they appeared under the title of 'Thoughts as they occur by one who keeps his eyes and ears open.' Besides these, a few have been taken from the New York Independent." cf. Pref.
500   $aOn verso of t.-p.: Second edition.
988   $a20020608
906   $0DLC

