LEADER 00907nam a2200265I  4500
001 004000802-9
005 20020606095253.2
008 801003s1923    gw            000 0 ger  
010   $a   25021451 
035 0 $aocm06785518
040   $aDLC$cCUF$dHLS
041 1 $agereng
050   $aD516$b.B463
100 1 $aBausman, Frederick,$d1861-1931.
240 00$aLet France explain.$lGerman.
245 10$aUnd Frankreich?
260   $aMünchen,$bWieland verlag,$c1923.
300   $a370 p., 1 l.$c23 cm.
500   $a"Übertragen und herausgegeben von Otto Eccius."
500   $a"Die folgende arbeit ist mit einigen verbesserungen und ergänzungen eine übersetzung der englischen ausgabe."--Vorrede des verfassers zur deutschen ausgabe.
500   $aTranslation of Let France explain.
650  0$aWorld War, 1914-1918$xCauses.
700 1 $aEccius, Otto,$eed. and tr.
988   $a20020608
906   $0DLC

