LEADER 00594nam a2200193Ii 4500
001 004000803-7
005 20020606095253.2
008 801007s1980    it af         000 0 eng d
035 0 $aocm06797699
040   $aTYC$cTYC$dHHG
041 0 $aengfre
050  4$aPS3551.L77$bB55
090   $aPS3551.L77$bB55
100 1 $aAlweis, Frank.
245 10$aBlue :$bthree poems in an English and a French version & three drawings by the author /$cFrank Alweis.
260   $aVerona :$bStamperia Ponte Pietra,$c1980.
300   $a[13] p., [3] leaves of plates :$bill. ;$c22 cm.
988   $a20020608
906   $0OCLC

