LEADER 00982cam a2200253I  4500
001 004000804-5
005 20070901105651.0
008 801007s1921    it f     b    000 0 ita  
010   $a   28005081 //r
035 0 $aocm06799213
040   $aDLC$cNGA$dOCL$dHTV
050 0 $aND623.C26$bV4 1921
100 1 $aCaravaggio, Michelangelo Merisi da,$d1573-1610.
245 03$aIl Caravaggio;$btrentadue riproduzioni, con testo e catalogo$ca cura di Lionello Venturi.
260   $aRoma$b[Società editrice della Biblioteca d'arte illustrata,$c1921]
300   $a16 p.$bxxxii pl.$c22 cm.
490 1 $aBiblioteca d'arte illustrata ... [I. ser.] Sei e settecento [2] italiano [fasc. 4]
504   $a"Bibliografia:" p. 15-16.
600 10$aCaravaggio, Michelangelo Merisi da,$d1573-1610.
700 1 $aVenturi, Lionello,$d1885-1961.
830  0$aBiblioteca d'arte illustrata.
830  0$aSei e settecento italiano; sei e settecento straniero ;$vfasc. 4.
988   $a20020608
906   $0DLC

