LEADER 00591cam a2200217Ii 4500
001 004000805-3
005 20020606095253.2
008 801015s1978    xx            000 0 pol d
010   $a   84214873 
035 0 $aocm06825064
035 0 $aocm06825064$zocm17141874
040   $aOSU$cOSU$dDLC$dHLS
050  4$aPG7161.A8$bD9
090   $aPG7137$b.M365x
100 1 $aBaszkowski, Andrzej.
245 10$aDziennik domowy /$cAndrzej Baszkowski.
250   $aWyd. 1.
260   $aGdańsk ;$aBydgoszcz :$bWyd-wo Morskie,$c1978.
300   $a52 p. :$bill. ;$c20 cm.
988   $a20020608
906   $0OCLC

