LEADER 00663nas a2200193   4500
001 004000806-1
005 00000000000000.0
008 801020d19461948ctumr    s    0    0eng d
035 0 $aocm06839757
040   $aFTC$cFTC$dHBS
245 00$aPublic merchandise warehousing.
260   $aWashington :$bDept. of Commerce, Bureau of the Census,$c1946-48.
300   $a32 issues.
362 0 $aDecember 1945-July 1948.
500   $a1945-March 1946 issued as Current statistical service; April 1946-1948, as Business Information Service.
650  0$aWarehouses$zUnited States$vStatistics.
710 1 $aUnited States.$bBureau of the Census.
988   $a20020608
906   $0OCLC

