LEADER 00620nam a2200181Ki 4500
001 004000807-X
005 20020606095253.2
008 801020s1939    gw            000 0 ger d
035 0 $aocm06842838
040   $aGSU$cGSU$dHLS
090   $aPT2603.E214$bA8 1939
100 1 $aBecker, Otto Eugen Hasso,$d1900-
245 14$aDas australische Abenteuer :$bein Roman vom Leben, vom Gold und von der Geschichte des fünften Kontinents /$cvon O. E. H. Becker.
260   $aLeipzig :$bH. H. Kreisel,$cc1939.
300   $a268 p. ;$c21 cm.
500   $a"Fünfte unverändete Auflage 21. bis 32. Tausend."
988   $a20020608
906   $0OCLC

