LEADER 00930cam a2200241I  4500
001 004000808-8
005 20020606095253.2
008 801024s1935    fr       b    000 0bfre c
010   $aa  37000438 
035 0 $aocm06858073
040   $aMichigan. Univ. Library$cBUF$dOCL$dHLS
050 0 $aB2270.H214$bB39
100 1 $aBeck, L. J.$q(Leslie John)
245 13$aLa méthode synthétique d'Hamelin.
260   $aParis, F. Aubier$c[1935]
300   $a254 p. 1 l.$c19 cm.
490 0 $aCollection "Philosophie de l'esprit" sous la direction de L. Lavelle et de R. Le Senne
504   $a"Note bibliographique": p. [245]-251.
600 10$aHamelin, Octave,$d1856-1907.$tEssai sur les éléments principaux de la représentation.
650  0$aKnowledge, Theory of.
776 08$iOnline version:$aBeck, L.J. (Leslie John).$tMéthode synthétique d'Hamelin.$dParis, F. Aubier [1935]$w(OCoLC)555471751
988   $a20020608
906   $0OCLC

