LEADER 00767nam a2200229I  4500
001 004000810-X
005 20070901105651.0
008 801028s1924    gw acef       000 0 ger  
010   $a   25008404 
035 0 $aocm06873109
040   $aDLC$cCLE$dHTV
043   $aa-af---
050 0 $aDS352$b.N5
050 0 $aDS352$b.N5 1924
245 00$aAfganistan;$cbearb. von Oskar von Niedermayer und Ernst Diez; mit 246 Abbildungen in kupfertiefdruck und 9 Skizzen.
260   $aLeipzig,$bK. W. Hiersemann,$c1924.
300   $axvi, 69, [1] p., 1 ℓ.$billus., 243 pl. on 122 ℓ. (incl. ports.) 3 plans on 3 ℓ.$c31 x 26 cm.
651  0$aAfghanistan.
700 1 $aNiedermayer, Oskar von,$d1885-1948.
700 1 $aDiez, Ernst,$d1878-1961.
988   $a20020608
906   $0DLC

