LEADER 00953cam a2200265I  4500
001 004000811-8
005 20020606095253.2
008 801030s1850    nyu           000 0 eng  
010   $a   34008400 
035 0 $aocm06883020
040   $aDLC$cQWC$dSER$dHLS
050 0 $aBV4831.B4$bF3 1850
082   $a237.4
100 1 $aBaxter, Richard,$d1615-1691.
245 14$aThe saints' everlasting rest;$cby the Rev. Richard Baxter. Abridged by Benjamin Fawcett, A.M.
260   $aNew York,$bAmerican Tract Society$c[1850?]
300   $a444 p.$c15 cm.
650  0$aDevotional literature.
655  7$aDevotional literature.$2rbgenr
700 1 $aFawcett, Benjamin,$d1715-1780,$eed.
710 2 $aAmerican Tract Society.
700 1 $aFawcett, Benjamin,$d1715-1780,$eeditor.
776 08$iOnline version:$aBaxter, Richard, 1615-1691.$tSaints' everlasting rest.$dNew York, American Tract Society [1850?]$w(OCoLC)867124217
988   $a20020608
906   $0DLC

