LEADER 00674nam a22002291  4500
001 004000813-4
005 20020606095253.2
008 800930s1935    gw            000 0 ger c
010   $aa  49007635 //r80
035 0 $aocm06892547
040   $aHarvard Univ. Library$cDLC$dHLS
043   $ae-gx---
050 0 $aJS5397$b.B34
082 0 $a352.043
100 1 $aBauer, Walter,$d1919-
245 04$aDer Neubau der gemeindlichen Selbstverwaltung, in volkstümlicher Darstellung.
260   $aBerlin,$bVerlag Junge Generation,$c1935.
300   $a91 p.$c18 cm.
490 0 $aDeutsches Volksbuch,$vBd. 8
650  0$aMunicipal government$zGermany.
988   $a20020608
906   $0MH

