LEADER 00516nam a2200181Ii 4500
001 004000814-2
005 20020606095253.2
008 801112s1872    enka          000 0 eng d
035 0 $aocm06929605
040   $aCLE$cCLE$dHLS
090   $aBT980$b.B3
100 1 $aBeard, J. R.$q(John Relly),$d1800-1876.
245 14$aThe autobiography of Satan /$cedited by John R. Beard.
260   $aLondon :$bWilliams and Norgate,$c1872.
300   $axii, 418 p. :$bfront. ;$c19 cm.
650  0$aDevil.
988   $a20020608
906   $0OCLC

