LEADER 01001nam a2200289I  4500
001 004000815-0
005 20071015202606.0
008 801115s1921    sp bf    b    000 0 spa  
010   $a   32002952 
035 0 $aocm06941122
040   $aDLC$cCLE$dHTV
043   $ae-sp---
050 0 $aN5310$b.S55
050 0 $aN5310$b.S55 1921
082   $a571.70946
110 2 $aSociedad Española de Amigos del Arte, Madrid.
245 10$aExposición de arte prehistórico español,$bcatálogo ilustrado.
260   $aMadrid,$c1921.
300   $a78 p., 1 ℓ.$bXXVI pl. (part col.; incl. 2 maps)$c32 cm.
500   $a"Preliminar" signed: Elías Tormo.
504   $a"Apéndice bibliográfico": p. [77]-78.
650  0$aArt, Primitive.
651  0$aSpain$xAntiquities.
700 1 $aTormo y Monzó, Elías,$d1869-1954.
776 08$iOnline version:$aSociedad Española de Amigos del Arte.$tExposición de arte prehistórico español.$dMadrid, 1921$w(OCoLC)902517058
988   $a20020608
906   $0DLC

