LEADER 00649cam a2200229I  4500
001 004000816-9
005 20020606095253.2
008 801120s1965    sz       b    000 0 fre  
010   $a   66088567 
035 0 $aocm06962710
040   $aDLC$cBXM$dHLS
050 0 $aHB87$b.B3 1965
100 1 $aBavarel, Edgar.
245 14$aLes conditions de la libération du prolétaire en Occident.
260   $a[Lausanne,$bImp. vaudoise,$c1965]
300   $a411 p.$c22 cm.
500   $aIssued also as thesis, Lausanne.
504   $aBibliographical footnotes.
650  0$aComparative economics.
650  0$aEconomic policy.
988   $a20020608
906   $0DLC

