LEADER 00974nam a2200217K  4500
001 004000817-7
005 20131002173835.0
008 801125s1913    au f          000 0 ger d
035 0 $aocm06975324
040   $aRETROCON/NYGG (COO)$cCOO$dHTV
100 2 $aWeis-Leibersdorf, Johannes Evangelista,$d1870-
245 04$aDas kirchenjahr in 156 gotischen federzeichnungen,$bUlrich von Lilienfeld und die Eichstätter Evangelienpostille; studien zur geschichte der Armenbibel und ihrer fortbildungen,$cvon d. dr. J. E. Weis-Liebersdorf; mit 79 lichtdrucktafeln.
260   $aStrassburg,$bJ. H. E. Heitz,$c1913.
300   $axiii, 67 p., 1 ℓ.$bLXXIX pl.$c26 cm.
490 1 $aStudien zur deutschen kunstgeschichte, 160. hft.
600 00$aUlrich von Lilienfeld,$dactive 14th century.
610 10$aEichstätt.$bKönigliche bibliothek.$kMss. (Cod. 212)
630 00$aBiblia pauperum.
830  0$aStudien zur deutschen Kunstgeschichte ;$v160. Heft.
988   $a20020608
906   $0OCLC

