LEADER 01145cam a2200265K  4500
001 004000818-5
005 20071015202606.0
008 801204m19021925gw a          000 0 ger d
035 0 $aocm06998986
040   $aRETROCON/NYGG (COO)$cCOO$dHTV
100 1 $aLange, H. O.$q(Hans Ostenfeldt),$d1863-1943.
245 00$aGrab- und Denksteine des Mittleren Reichs im Museum von Kairo,$cvon H. O. Lange und H. Schäfer.
260   $aBerlin,$bReichsdruckerei,$c1902-1925.
300   $a4 v.$billus.$c35 cm.
490 0 $aCatalogue général des antiquités égyptiénnes du Musée du Caire, nos. 20001-20780. [v.5,7,36,78]
500   $aAt head of title: Service des antiquités de l'Egypte.
505 0 $a1. Text zu No.20001-20399. 1902. (v.5) 2. Text zu No. 20400-20780. 1908. (v.36)--3. Listen zu Nr. 20001-20780. 1925. (v.78)--4. Tafeln. 1902. (v.7)
610 20$aMatḥaf al-Qibṭī (Cairo, Egypt)$vCatalogs.
610 20$aMatḥaf al-Miṣrī$vCatalogs.
651  0$aEgypt$xAntiquities.
650  0$aTombs$zEgypt.
650  0$aInscriptions, Egyptian$vCatalogs.
700 1 $aSchäfer, Heinrich,$d1868-1957.
988   $a20020608
906   $0OCLC

