LEADER 00572nam a2200205I  4500
001 004000819-3
005 20070901105652.0
008 801205m18799999fr h          000 0 fre  
010   $a   24001353 
035 0 $aocm07000528
040   $aDLC$cCLE$dHTV
050   $aDT60$b.M4 1879
100 1 $aMaspero, G.$q(Gaston),$d1846-1916.
245 10$aÉtudes égyptiennes ...$cPar G. Maspero ...
260   $aParis,$bImprimerie nationale,$c1879-
300   $av.$bdouble facsims.$c27 cm.
650  0$aEgyptology.
730 0 $aPapyrus Harris no. 500.
988   $a20020608
906   $0DLC

