LEADER 00785nam a2200229I  4500
001 004000820-7
005 20020606095253.2
008 801205s1916    xx            000 0 eng  
010   $a   19008577 
035 0 $aocm07003974
040   $aDLC$cCWR$dHLS
050 0 $aD360.C3$bB4
100 1 $aBeck, James M.$q(James Montgomery),$d1861-1936.
245 14$aThe case of Edith Cavell.$bA study of the rights of non-combatants.$cBy James M. Beck.
260   $aNew York,$aLondon,$bG.P. Putnam's Sons$c[1916]
300   $a70 p.$c18 cm.
500   $aReprinted from "New York Times."
500   $aPrinted in Great Britain.
500   $a"A reply to Dr. Albert Zimmermann, Germany's under secretary for foreign affairs."
600 10$aCavell, Edith,$d1865-1915.
988   $a20020608
906   $0DLC

