LEADER 01519cam a2200373 i 4500
001 004000821-5
005 20070901105652.0
008 801105s1979    gw a     bc   000 0 ger  
010   $a   80507593 //r84
015   $aGFR***
020   $z39215660710
035 0 $aocm07008099
040   $aDLC$cDLC$dHTV
043   $ae-ne---$ae-be---
050 0 $aNC261.A1$bK37 1979
082 0 $a741.9492/074/0341$219
110 2 $aStaatliche Kunstsammlungen Kassel.
245 10$aNiederländische Zeichnungen des 16. bis 18. Jahrhunderts /$cbearb. von Lisa Oehler.
260   $aFridingen :$bGraf Klenau Verlag,$cc1979.
300   $a127 p. :$bchiefly ill. ;$c31 cm.
490 1 $aKatalog / Staatliche Kunstsammlungen Kassel, Kupferstichkabinett ;$v1
500   $aIntroduction also in English.
504   $aBibliography: p. 127.
610 20$aStaatliche Kunstsammlungen Kassel$vCatalogs.
650  0$aDrawing, Dutch$vCatalogs.
650  0$aDrawing, Flemish$vCatalogs.
650  0$aDrawing$zGermany$zKassel$vCatalogs.
655  7$aCatalogs.$2fast
700 1 $aOehler, Lisa.
710 2 $aStaatliche Kunstsammlungen Kassel.$bKupferstichkabinett.
776 08$iOnline version:$aStaatliche Kunstsammlungen Kassel.$tNiederländische Zeichnungen des 16. bis 18. Jahrhunderts.$dFridingen : Graf Klenau Verlag, ©1979$w(OCoLC)758698198
810 2 $aStaatliche Kunstsammlungen Kassel.$bKupferstichkabinett.$tKatalog - Staatliche Kunstsammlungen Kassel, Kupferstichkabinett ;$v1.
988   $a20020608
906   $0DLC

