LEADER 01658cam a2200385   4500
001 004000822-3
005 20120622155502.0
008 801208s1680    enk           000 0 eng  
010   $a   05003956 
035 0 $aocm07010646
035 0 $aocm12367639
040   $aDLC$edcrmb$cVIC$dVIC$dHVL$dMH-L
041   $aeng$alat$aroa
090   $aJN681$b.P4
100 1 $aPetyt, William,$d1636-1707.
245 14$aThe antient right of the Commons of England asserted, or, A discourse :$bproving by records and the best historians, that the Commons of England were ever an essential part of Parliament /$cby William Petyt of the Inner-Temple, Esq.
246 10$aDiscourse proving by records and the best historians, that the Commons of England were ever an essential part of Parliament
260   $aLondon, :$bPrinted for F. Smith, T. Bassett, J. Wright, R. Chiswell, and S. Heyrick,$c1680.
300   $a[10], 75, [1], 184 p. ;$c19 cm.
500   $aErrata: p. 184.
510 4 $aESTC$cR422
510 4 $aWing (2nd ed.)$cP1945
546   $aText in English, law French, and Latin.
610 10$aEngland and Wales.$bParliament.$bHouse of Commons.
650  0$aConstitutional history$zGreat Britain.
700 1 $aBassett, Thomas$c(Bookseller)$4bsl
700 1 $aChiswell, Richard,$ebookseller.$4bsl
700 1 $aHeyrick, Samuel,$ebookseller.
700 1 $aSmith, Francis,$dactive 1657-1689,$ebookseller.
700 1 $aWright, John,$d-1684,$ebookseller.$4bsl
700 1 $aHollis, Thomas,$d1720-1774,$eformer owner.$5hou
700 1 $aRobinson, Herbert,$d1916-2010,$edonor.$5law
752   $aEngland$dLondon.
988   $a20020608
906   $0DLC

