LEADER 01244nam a2200205I  4500
001 004000823-1
005 20020606095253.2
008 801208s1680    enk           000 0 eng  
010   $a   10008506 
035 0 $aocm07010727
040   $aDLC$cVIC$dHVL
050 0 $aJN571$b.P4
100 1 $aPetyt, William,$d1636-1707.
245 10$aMiscellanea parliamentaria:$bcontaining presidents, 1. of freedom from arrests. 2. of censures. 1. upon such as have wrote books to the dishonour of the Lords or Commons, or to alter the constitution of the Government. 2. Upon members for misdemeanours. 3. Upon persons not members, for contempts and misdemeanours. 4. For misdemeanours in elections. Besides other presidents and orders of a various nature, both of the House of Lords and Commons. With an appendix, containing several instances wherein the Kings of England have consulted and advised with their Parliaments, 1. In marriages. 2. Peace and war. 3. Leagues. And other weighty affairs of the Kingdom.$cBy William Petyt ...
260   $aLondon,$bPrinted for T. Basset and J. Wickins,$c1680.
300   $a220, [64] p.$c17 cm.
610 10$aGreat Britain.$bParliament.
651  0$aGreat Britain$xPolitics and government.
988   $a20020608
906   $0DLC

