LEADER 00756nam a2200217I  4500
001 004000824-X
005 20020606095253.2
008 801208s1640    enk           000 0 eng d
035 0 $aocm07010985
040   $aVIC$cVIC$dHVL
043   $ae-uk---
050  4$aJN534 1640$b.P8
090   $aJN534 1640$b.P8
245 04$aThe priviledges and practice of Parliaments in England.$cCollected out of the commou [sic] lavves of this land. Seen and allowed by the learned in the lavves. Commended to the High Court of Parliament now assembled.
260   $a[London?]$c1640.
300   $a46 p.$c20 cm.
610 10$aGreat Britain.$bParliament.
610 10$aGreat Britain.$bParliament$xRules and practice.
655  7$aRules.$2fast
988   $a20020608
906   $0OCLC

