LEADER 01175cam a2200277I  4500
001 004000825-8
005 20070901105653.0
008 801208m19111936gw a          000 0 ger d
035 0 $aocm07012471
040   $aRETROCON/NYGG (COO)$cCOO$dHTV
100 1 $aBorchardt, Ludwig,$d1863-1938.
245 10$aStatuen und Statuetten von Königen und Privatleuteln im Museum von Kairo, Nr. 1-1294.
260   $aBerlin,$bReichsdruckerei,$c1911-1936.
300   $a5 v.$billus.$c35 cm.
490 0 $aCatalogue général des antiquités égyptiennes du Musée du Caire Nos. 1-1294. [v.53, 77, 88, 94, 96]
500   $aAt head of title: Service des antiquités de l'Égypte.
505 0 $aT.1. Text und Tafeln zu Nr. 1-380--T.2. Text und Tafeln zu Nr. 381-653.--T.3. Text und Tafeln zu Nr. 654-950.--T.4. Text und Tafeln zu Nr. 951-1294.--T. 5. Nachweise, von Aksel Volten.
650  0$aStatues.
650  0$aSculpture, Egyptian.
651  0$aEgypt$xAntiquities.
610 20$aMatḥaf al-Miṣrī$vCatalogs.
610 20$aMatḥaf al-Qibṭī (Cairo, Egypt)$vCatalogs.
700 1 $aVolten, Aksel.
710 1 $aEgypt.$bMaṣlaḥat al-Āthār.
988   $a20020608
906   $0OCLC

