LEADER 00705cam a2200205I  4500
001 004000826-6
005 20060705140421.0
008 801209s1795    enk           000 0 eng  
010   $a   05041959 
035 0 $aocm07016746
040   $aDLC$cVPI$dVPI$dSER$dHVL
050 0 $aJN214 1795$b.R4
100 1 $aReeves, John,$d1752?-1829.
245 10$aThoughts on the English government :$bAddressed to the quiet good sense of the people of England. In a series of letters. Letter the first ...
260   $aLondon :$bPrinted for J. Owen,$c1795.
300   $a2 p. ℓ., 80 p. ;$c23 cm.
651  0$aGreat Britain$xPolitics and government$y1789-1820.
752   $aEngland$dLondon.
988   $a20020608
906   $0DLC

