LEADER 00551nam a2200193I  4500
001 004000827-4
005 20020606095253.2
008 801211s1904    ohu           000 0 eng  
010   $a   04035060 //r27
035 0 $aocm07027526
040   $aDLC$cEZN$dEZN$dHLS
090   $aLB1169$b.B4
100 1 $aBeebe, Katherine,$d1860-
245 10$aKindergarten activities,$cby Katharine Beebe.
260   $aAkron, O.,$bThe Saalfield publishing company,$c1904.
300   $a4 p. ℓ., [11]-133 p.$c19 cm.
650  0$aKindergarten.
988   $a20020608
906   $0DLC

