LEADER 00952nam a2200217I  4500
001 004000828-2
005 20020606095253.2
008 801211s1849    nyu           001 0 eng  
010   $a   33032147 
035 0 $aocm07028204
040   $aDLC$cNDL$dHVL
090   $aKFN5992$b.M66
100 1 $aMonell, Claudius L.,$d1815-1876.
245 12$aA treatise on the practice of the courts of the state of New York :$badapted to the Code of procedure, as amended by the Act of April 11, 1849, and the rules of the Supreme court.$cTo which is added, the practice in courts of justices of the peace. With an appendix of practical forms. By Claudius L. Monell.
260   $aAlbany,$bGould, Banks and Gould ;$aNew York,$bBanks and Gould and co.,$c1849.
300   $axxxii, 575 p.$c25 cm.
650  0$aCivil procedure$zNew York (State)
650  0$aJustices of the peace$zNew York (State)
650  0$aForms (Law)$zNew York (State)
988   $a20020608
906   $0DLC

