LEADER 00891nam a2200241I  4500
001 004000829-0
005 20070901105653.0
008 801226s1868    fr            000 0 fre  
010   $a   11005143 
035 0 $aocm07035922
040   $aDLC$cCLE$dHTV
050   $aN6843$b.C4
050   $aN6843$b.C4 1868
100 1 $aChampollion-Figeac, Aimé Louis,$d1813-1894.
245 10$aDocuments paléographiques relatifs à l'histoire des beaux-arts et des belles-lettres,$bpendant le moyen âge,$ctirés des Archives départementales de France et des bibliothèques publiques, par M. Aimé Champollion-Figeac.
260   $aParis,$bP. Dupont,$c1868.
300   $a3 p. ℓ., 626 p.$c25 cm.
500   $aAt head of title: Archives départementales de France.
650  0$aArt$zFrance$xHistory.
650  0$aArt, Medieval.
650  0$aMiddle Ages$xLiterature.
988   $a20020608
906   $0DLC

