LEADER 00988nam a2200301I  4500
001 004000830-4
005 20070901105653.0
008 801230s1897    fr af    b    000 0 fre  
010   $a   22021740 
035 0 $aocm07039094
040   $aDLC$cCLE$dHTV
043   $af-ua---
050   $aNA215$b.F65
050   $aNA215$b.F65 1897
100 1 $aFoucart, George.
245 10$aHistoire de l'ordre lotiforme;$cétude d'archéologie égyptienne par George Foucart ...
246 3 $aOrdre lotiforme.
260   $aParis,$bE. Leroux,$c1897.
300   $aviii, 291 p. incl. illus., pl.$c28 cm.
504   $aBibliographical foot-notes.
650  0$aArchitecture$zEgypt.
650  0$aDecoration and ornament, Egyptian.
650  0$aDecoration and ornament$xPlant forms.
650  0$aColumns.
651  0$aEgypt$xAntiquities.
776 08$iOnline version:$aFoucart, George.$tHistoire de l'ordre lotiforme.$dParis, E. Leroux, 1897$w(OCoLC)636788279
988   $a20020608
906   $0DLC

