LEADER 00701nam a2200205I  4500
001 004000831-2
005 20020606095253.2
008 810105s1892    enkabch       000 0 eng d
010   $a   03026674 
035 0 $aocm07046602
040   $aCUF$cCUF$dHLS
050   $aDA685.C5$bB3
100 1 $aBeaver, Alfred.
245 10$aMemorials of old Chelsea:$ba new history of the village of palaces.$cBy Alfred Beaver. With numerous illustrations by the author.
260   $aLondon,$bE. Stock,$c1892.
300   $aviii,428 p.$bincl. front., ill., 1 pl., ports., maps, plans facsims.$c27 cm.
504   $aBibliography : p.389-402.
651  0$aChelsea (London, England)$xHistory.
988   $a20020608
906   $0OCLC

