LEADER 00804nam a2200241I  4500
001 004000832-0
005 20020606095253.2
008 810113s1887    uy            000 0 spa  
010   $a   10005123 //r
035 0 $aocm07060060
040   $aDLC$cAZU$dAZU$dHLS
043   $as-uy---
050 0 $aJL3615 1887$b.B3
100 1 $aBauzá, Francisco,$d1849-1899.
245 10$aEstúdios constitucionales.
260   $aMontevideo,$bA. Barreiro y Ramos,$c1887.
300   $a461 p.$c19 cm.
490 0 $aBiblioteca de autores uruguayos
650  0$aConstitutional history$zUruguay.
651  0$aUruguay$xPolitics and government.
776 08$iOnline version:$aBauzá, Francisco, 1849-1899.$tEstúdios constitucionales.$dMontevideo, A. Barreiro y Ramos, 1887$w(OCoLC)902827092
988   $a20020608
906   $0DLC

