LEADER 00902nam a2200217I  4500
001 004000833-9
005 20020606095253.2
008 810114s1934    ag            000 0 spa  
010   $a   37034928 
035 0 $aocm07062627
040   $aDLC$cAZU$dAZU$dHLS
050 0 $aHG2870.B84$bP9 1934a
082   $a332.10982
100 1 $aBecu, Teodoro,$d1890-1946.
245 13$aEl Banco de la provincia de Buenos Aires y el impuesto a la renta;$bnuevo estudio de algunas cuestiones de derecho federal y de derecho financiero que se promueven con motivo de la aplicación de las leyes nacionales nos. 11586, 11.682, 11.683 y 11.757.$cPor Teodoro Becu.
260   $aBuenos Aires,$bTalleres gráficos argentinos L. J. Rosso,$c1934.
300   $a3 p. ℓ., [9]-288 p.$c23 cm.
610 20$aBanco de la Provincia de Buenos Aires.
650  0$aBanks and banking$zArgentina$xTaxation.
988   $a20020608
906   $0DLC

