LEADER 01089nam a2200265Ia 4500
001 004000835-5
005 20120111162622.0
008 810122s1887    fr abf        000 0 fre  
010   $a   01018605 
035 0 $aocn851907124
035 0 $aocm07077797
040   $aDLC$cCLE$dCLE$dHTV$dHMM
043   $aa-ii---
050 0 $aDS421$b.L44
050 0 $aDS421$b.L44 1887
100 1 $aLe Bon, Gustave,$d1841-1931.
245 04$aLes civilisations de l'Inde /$cpar le Dr Gustave Le Bon ; ouvrage illustré de 7 chromolithographies, 2 cartes et 350 gravures et héliogravures d'après les photographies, aquarelles et documents de l'auteur.
260   $aParis :$bFirmin-Didot & cie,$c1887.
300   $avii, [1], 743 p., [7] leaves of plates :$bill. (some col.), maps ;$c30 cm.
651  0$aIndia$xCivilization.
651  0$aIndia$xHistory.
776 08$iOnline version:$aLe Bon, Gustave, 1841-1931.$tCivilisations de l'Inde.$dParis, Firmin-Didot & cie, 1887$w(OCoLC)904149781
830  0$aHarvard College Library preservation digitization program.$5net
988   $a20020608
906   $0DLC

