LEADER 00913cam a2200241I  4500
001 004000836-3
005 20020606095253.2
008 810127s1948    ru f          000 1 rusr 
010   $a   49029420 
035 0 $aocm07084913
040   $aDLC$cFHM$dFHM$dHLS
050 0 $aPG3476.B34$bM3 1948
100 1 $aBazhov, P. P.$q(Pavel Petrovich),$d1879-1950.
245 10$aMalakhitovai︠a︡ shkatulka.$c[Illiustrat︠s︡ii V. Bai︠u︡skina]
250   $a[Izd. dop.]
260   $aMovkva,$bGos. izd-vo khudozh. lit-ry,$c1948.
300   $a565 p.$bplates.$c27 cm.
500   $aIn Cyrillic characters.
500   $a"Vospoizvodennye po pami︠a︡ti, pritom pochti cherez plveka, skazki V. A. Khmelinina ... poeteri︠a︡li t︠s︡ennostʹ folʹklornogo dokumenta."--p. [60]
700 1 $aKhmelinin, Valiliĭ Alekseevich.
700 1 $aBai︠u︡skin, Vasiliĭ Stepanovich,$eillus.
988   $a20020608
906   $0DLC

