LEADER 00644cam a2200205Ia 4500
001 004000837-1
005 20020606095253.2
008 810127s1880    nyu           001 0 eng d
035 0 $aocm14857156
035 0 $aocm07086254
040   $aVYQ$cVYQ$dHLS
100 1 $aBeard, George Miller,$d1839-1883.
245 12$aA practical treatise on nervous exhaustion (neurasthenia) :$bits symptoms, nature, sequences, treatment /$cby George M. Beard.
250   $a2nd and rev. ed.
260   $aNew York :$bW. Wood & Company,$c1880.
300   $axxviii, 198 p. ;$c23 cm.
650  0$aNeurasthenia.
650  2$aNeurasthenia
988   $a20020608
906   $0OCLC

