LEADER 00490cam a2200181I  4500
001 004000840-1
005 20020606095253.2
008 810202s1932    mau           000 0 eng  
010   $aa  35000772 
035 0 $aocm07097421
040   $aDLC$cYXF$dTJC$dHLS
050 0 $aPS3503.E21$bW5
100 1 $aBeardsley, Alice LeVern.
245 10$aWildwood symphonies,$cby Alice LeVern Beardsley.
260   $aBoston,$bB. Humphries, inc.,$c[c1932]
300   $a88 p.$c21 cm.
988   $a20020608
906   $0DLC

