LEADER 01099nam a2200301I  4500
001 004000841-X
005 20070901105653.0
008 810209m19021905be f     b    000 0 fre  
010   $a   03023086 
035 0 $aocm07112626
040   $aDLC$cZYU$dZYU$dHTV
043   $af-ua---
050 0 $aDT57$b.C25 1902
100 1 $aCapart, Jean,$d1877-1947.
245 10$aRecueil de monuments égyptiens ...$bplanches phototypiques avec texte explicatif$cpar Jean Capart.
260   $aBruxelles,$bA. Vromant,$c1902-05.
300   $a2 v.$bplates (part col.)$c22 cm.
500   $aVolume 2 called "Deuxième série."
500   $aIssued in portfolios.
500   $aTitles in red and black.
500   $a"Il n'a été tiré de cet ouvrage que 200 exemplaires numérotés ..."
504   $aIncludes bibliographical references.
650  0$aArt, Egyptian.
651  0$aEgypt$xAntiquities.
752   $aBelgium$dBrussels.
776 08$iOnline version:$aCapart, Jean, 1877-1947.$tRecueil de monuments égyptiens .$dBruxelles, A. Vromant, 1902-05$w(OCoLC)600527266
988   $a20020608
906   $0DLC

