LEADER 00412nam a2200169K  4500
001 004000842-8
005 20020606095253.2
008 810217s1966    bu c          000 1 bul d
035 0 $aocm07132976
040   $aCLE$cCLE$dHLS
100 1 $aBarukh, Armand,$d1908-
245 10$aRazkazi i povesti.
250   $a2. izd.
260   $aSofia,$bNarodna Kultura,$c1966.
300   $a347 p.$bport.
988   $a20020608
906   $0OCLC

