LEADER 01644nam a2200241Ia 4500
001 004000843-6
005 20020606095253.2
008 810220s1658    enk           000 0 eng  
010   $a   46037717 
035 0 $aocm07142669
040   $aDLC$cHVC$dHVL
050 0 $aJN631$b.P7 1658
100 1 $aPrynne, William,$d1600-1669.
245 12$aA plea for the lords, and House of peers:$bor, A full, necessary, seasonable, enlarged vindication of the just, antient hereditary right of the lords, peers, and barons of this realm to sit, vote, judge in all the Parliamemts (!) of England: wherein their right of session, and sole power of judicature without the Commons house, in criminal, civil, ecclesiastical causes as well of commons as peers, year in cases of elections, breach of privilege, misdemeanors of the commons themselves, is irrefragably evidenced by solid reasons, punctual authorities, memorable presidents out of histories and records in all ages, most of them not extant in any writers of our Parliaments... /$cBy William Prynne...
260   $aLondon :$bPrinted for the author,$c1658.
300   $a10 p. ℓ., 516 (i.e. 552) p. 1 ℓ. : signatures A⁴ at⁴ bt², B-Z⁴, Aa-Zz⁴, Aaa-Ill⁴, *Fff-*Hhh⁴, Iii², Iii-Mmm⁴, Mmm-Sss⁴, Ttt³ (last verso blank)$c20 cm.
500   $aIrregularities in paging: p. 401-432 repeated in numbering: 4 unnumbered pages inserted between p. 424-425 (i.e. 456-457)
500   $aMarginal notes throughout.
510 4 $aWing$cP4034.
610 10$aGreat Britain.$bParliament.$bHouse of Lords.
710 1 $aFriends' Free Library, Germantown,$eProvenance.
988   $a20020608
906   $0DLC

