LEADER 00823nam a2200229I  4500
001 004000844-4
005 20080407144632.0
008 810224s1936    gw            000 0 ger c
010   $aac 39001392 
035 0 $aocm07150261$zocm21623037
035 0 $aocm07150261
040   $aRETROCON/NYGG (Yale Univ. Library)$cCOO$dHTV
100 1 $aBosse, Käthe.
245 14$aDie menschliche figur in der rundplastik der ägyptischen spätzeit$bvon der XXII. bis zur XXX. dynastie /$cKäthe Bosse.
260   $aGlückstadt ;$aNew York :$bJ. J. Augustin,$c1936.
300   $a104 p., 18 p. of plates :$bill. ;$c30 cm.
440  0$aÄgyptologische Forschungen ;$vHeft 1
500   $a"Gedruckt als Münchener dissertation ... 1935."
650  0$aSculpture, Egyptian.
650  0$aHuman figure in art.
988   $a20020608
906   $0OCLC

