LEADER 00656nam a2200217I  4500
001 004000845-2
005 20020606095253.2
008 810226m18291837gw            000 0 lat  
010   $a   34021717 
035 0 $aocm07158782
040   $aDLC$cBXM$dHLS
050 00$aKJA1062.2$b1829
090   $aDG88.J9$bB4
130 0 $aCorpus juris civilis.
245 10$aCorpus iuris civilis.$cEditio stereotypa ex offcina Caroli Tauchnitii cura d. Joannis Ludovici Guilielmi Beck.
260   $aLipsiae,$bapud C. Cnobloch,$c1829-37.
300   $a2 v.$c29 cm.
650  0$aRoman law.
700 1 $aBeck, Johann Ludwig Wilhelm,$d1786-1869.
988   $a20020608
906   $0DLC

