LEADER 00607cam a2200181Ia 4500
001 004000847-9
005 20070901105654.0
008 810311s1912    gw            000 0 ger d
035 0 $aocm07216332
040   $aMDU$cMDU$dHTV
100 1 $aFreud, Sigmund,$d1856-1939.
245 10$aÜber Psychoanalyse :$bfünf Vorlesungen, gehalten zur 20jährigen Gründungsfeier der Clark University in Worcester, Mass., September 1909 /$cvon Sigm. Freud.
250   $a2d. unveränderte Aufl.
260   $aLeipzig :$bF. Deuticke,$c1912.
300   $a62 p. ;$c24 cm.
650  0$aPsychoanalysis.
988   $a20020608
906   $0OCLC

