LEADER 00734nam a2200229I  4500
001 004000848-7
005 20020606095253.2
008 810317s1965    ne       b    000 0 dut  
010   $a   67122634 
035 0 $aocm07230921
040   $aDLC$cDGU$dHLS
050   $aB3279.H94$bB38
100 1 $aBeerling, Reinier Franciscus,$d1905-
245 13$aDe transcendentale vreemdeling;$been studie over Husserl, fenomenologie en sociale wetenschappen$c[door] R. F. Beerling.
260   $aHilversum,$bW. de Haan,$c1965.
300   $a175 p.$c21 cm.
490 0 $aWijsgerige verkenningen
504   $a"Noten" (bibliographical): p. 168-175.
600 10$aHusserl, Edmund,$d1859-1938.
650  0$aPhenomenology.
988   $a20020608
906   $0DLC

