LEADER 01032nam a2200313 a 4500
001 004000849-5
005 20071015202607.0
008 810702s1980    it a     b    001 0 ita  
010   $a   80148372 
015   $aIt80-Nov
020   $a8870501078
035 0 $aocm07235326
040   $aDLC$cDLC$dHTV
050 0 $aNA2515$b.P25 1980
082 0 $a720$219
100 1 $aPalladio, Andrea,$d1508-1580.
245 12$aI quattro libri dell'architettura /$cAndrea Palladio ; a cuora di Licisco Magagnato e Paola Marini ; introduzione di Licisco Magagnato.
260   $aMilano :$bIl polifilo,$c1980.
300   $alxxi, 580 p. :$bill. ;$c26 cm.
440  0$aTrattati di architettura ;$vv. 6
490 1 $aClassici italiani di scienze tecniche e arti
500   $aIncludes index.
504   $aBibliography: p. [551]-557.
650  0$aArchitecture$xEarly works to 1800.
700 1 $aMagagnato, Licisco.
700 1 $aMarini, Paola.
830  0$aClassici italiani di scienze, tecniche e arti.
988   $a20020608
906   $0DLC

