LEADER 01166nam a2200337I  4500
001 004000850-9
005 20050319123929.0
008 810320s1955    fr f          000 0 fre d
035 0 $aocm07243606
040   $aRETROCON/NYGG (COO)$cCOO$dHLS
041 0 $afregrc
043   $amm-----
050  4$aZ114$b.B32
100 1 $aBataille, A.$q(André)
245 04$aLes papyrus.
260   $aParis,$bPresses universitaires de France,$c1955.
300   $a95 p.$bxiv plates.$c28 cm.
440  0$aBibliothèque byzantine.
490 1 $aTraité d'études byzantines / Le Merle, Paul, ed. ;$v2
504   $aIncludes bibliographical references and index.
650  0$aManuscripts, Greek (Papyri)
650  0$aPaleography$xHandbooks, treatises, etc.
650  0$aPaleography, Byzantine.
651  0$aByzantine Empire$xHistory$vSources.
655  7$aHistory.$2fast
655  7$aSources.$2fast
700 1 $aLemerle, Paul,$d1903-1989.$tTraité d'études byzantines.$pII. Papyrus.
710 2 $aCentre national de la recherche scientifique (France)
800 1 $aLemerle, Paul,$d1903- .$tTraité d'études byzantines ;$v2.
988   $a20020608
906   $0OCLC

