LEADER 00560nam a2200181K  4500
001 004000851-7
005 20020606095253.2
008 810325s1947    ru c          000 1 rus d
035 0 $aocm18055576
035 0 $aocm07262013
040   $aCLE$cCLE$dHLS
100 1 $aBazhov, P. P.$q(Pavel Petrovich),$d1879-1950.
245 10$aMalakhitovai︠a︡ shkatulka;$brasskazy.
260   $a[Moskva]$bSovestskiĭ pisatelʹ,$c1947.
300   $a410, [1] p.$bport.
440  0$aBiblioteka izbrannykh proizvedeniĭ sovetskoĭ literatury, 1917-1947
988   $a20020608
906   $0OCLC

