LEADER 01201nam a2200265I  4500
001 004000854-1
005 20071211114257.0
008 810408s1917    gw a          000 0 ger  
010   $a   21009552 
035 0 $aocm07316892
040   $aDLC$cCOO$dHLS
043   $ae-sz---
050 0 $aHB5$b.V4 146.bd., 1.t.
100 1 $aBauer, Stephan,$d1865-1934,$eed.
245 10$aUntersuchungen über die lebenskosten in der Schweiz.$cMit beiträgen von E. Ackermann, P. Gross [u.a.] ... Im auftrage des Vereins für sozialpolitik hrsg. von dr. Stephan Bauer.
260   $aMünchen,$aLeipzig,$bDuncker & Humblot,$c1917.
300   $axxiii, 303 p.$bdiagrs.$c23 cm.
490 1 $aSchriften des Vereins für sozialpolitik. Untersuchungen über preisbildung. Abt. C: Kosten der lebenshaltung ...$v146. bd., 1. t.
650  0$aCost and standard of living$zSwitzerland.
700 1 $aAckermann, Ernst.
700 1 $aGross, Paul.
776 08$iOnline version:$aBauer, Stephan, 1865-1934.$tUntersuchungen über die lebenskosten in der Schweiz.$dMünchen, Leipzig, Duncker & Humblot, 1917$w(OCoLC)741517273
830  0$aSchriften des Vereins für Socialpolitik ;$vBd. 146, T.1.
988   $a20020608
906   $0DLC

