LEADER 00524nam a2200181I  4500
001 004000855-X
005 20080930110006.0
008 810414s1839    gw            000 0 fre d
035 0 $aocm07335385
040   $aRETROCON/NYGG (ZYU)$cZYU$dHLS
090   $aB2192.B3$bP8
100 1 $aBautain, L.$q(Louis),$d1796-1867.
245 00$aPhilosophie.$bPsychologie expérimentale,$cpar L. E. Bautain.
260   $aStrasbourg,$bDerivaux,$c1839.
300   $a2 v. in 1.$c22 cm.
650  0$aPsychophysiology.
988   $a20020608
906   $0OCLC

