LEADER 00608nam a2200193I  4500
001 004000856-8
005 20020606095253.2
008 810429s1936    fr            000 1 fre d
035 0 $aocm07375084
040   $aFHM$cFHM$dHLS
050  4$aPQ2603.E43$bM6
090   $aPQ2603.E43$bM6
100 1 $aBedel, Maurice,$d1884-1954.
245 10$aMonsieur le professeur Jubier.
260   $aParis,$bDenoël et Steele$c[c1936]
300   $a169 p.
776 08$iOnline version:$aBedel, Maurice, 1884-1954.$tMonsieur le professeur Jubier.$dParis, Denoël et Steele [©1936]$w(OCoLC)622147989
988   $a20020608
906   $0OCLC

