LEADER 00457nam a2200157K  4500
001 004000857-6
005 20100105150353.0
008 810501s1929    nyu    j      000 0 eng d
035 0 $aocm07384483
040   $aPLF$cPLF$dHLS
100 1 $aBaruch, Dorothy Walter,$d1899-1962.
245 10$aBig fellow,$bthe story of a road-making shovel,$cwith illustrations by Jay Van Everen.
260   $aNew York,$bHarper$c[c1929]
300   $a131 p.
988   $a20020608
906   $0OCLC

