LEADER 00716nam a2200193Ia 4500
001 004000858-4
005 20020606095253.2
008 810505s1807    it            000 0bfre d
035 0 $aocm07389816
040   $aUUM$cUUM$dHLS
090   $aDR559$b.G43
100 1 $aBeauvoisins, Joseph Eugène,$d-1809.
245 10$aNotice sur la cour de grand-seigneur :$bson sérail, son harem, la famille du sang imperial, sa maison militaire, & ses ministres /$cpar Joseph Eugéne Beauvoisins.
260   $aRome :$bL. P. Salvioni,$c1807.
300   $a110 p. ;$c23 cm.
500   $aOn page preceding title page: Tableau de la cour otthomane.
600 00$aSelim$bIII,$cSultan of the Turks,$d1761-1808.
988   $a20020608
906   $0OCLC

