LEADER 00391nam a2200169K  4500
001 004000859-2
005 20020606095253.2
008 810505s1915    fr            000 0 fre d
035 0 $aocm07392344
040   $aPLF$cPLF$dHLS
100 1 $aBeck, J. M.
245 03$aLa preuve ...
260   $aParis,$bCrès,$c1915.
300   $a276 p.
490 0 $aCollection "Anglia"
988   $a20020608
906   $0OCLC

