LEADER 00464cam a2200169I  4500
001 004000860-6
005 20020606095253.2
008 810506s1873    enka          000 0 eng d
035 0 $aocm07396303
040   $aPLF$cPLF$dOCL$dPLF$dHLS
100 1 $aBeck, John,$cof Leamington.
245 10$aGuide to Kenilworth Castle ...
260   $aLeamington [Eng.,$c1873]
300   $a58 p.$billus.
610 20$aKenilworth Castle (Kenilworth, England)
988   $a20020608
906   $0OCLC

