LEADER 00805nam a2200229Ia 4500
001 004000864-9
005 20070901105654.0
008 810508s1922    gw a          000 0 ger d
035 0 $aocm07404675
040   $aWYU$cWYU$dHTV
043   $ae-gx---
050  4$aNC249$b.Z4
245 00$aZeichnungen altdeutscher Meister zur Zeit Dürers /$causgewählt und eingeleitet von Carl Koch.
260   $aDresden :$bArnold,$c1922.
300   $a37 p., 99 leaves of plates :$bchiefly ill. ; 28 cm.
490 0 $aArnolds graphische Bücher. 2. Folge ;$vBd. 3
650  0$aDrawing, German.
700 1 $aKoch, Carl,$d1884-
700 1 $aKoch, Carl,$d1884-1969.
776 08$iOnline version:$tZeichnungen altdeutscher Meister zur Zeit Dürers.$dDresden : Arnold, 1922$w(OCoLC)881552743
988   $a20020608
906   $0OCLC

