LEADER 00784nam a2200205I  4500
001 004000865-7
005 20020606095253.2
008 810518s1962    be       b    000 0 dut d
035 0 $aocm07426059
035 0 $aocm07426059$zocm26637961
040   $aRETROCON/NYGG (COO)$cCOO$dHLS
090   $aZ2427.A8$bR42 v.2
100 1 $aLesenne, Monique.
245 10$aBibliografisch repertorium der oudheidkundige vondsten in Oostvlaanderen$b(vanaf de vroegste tijden tot aan de Noormannen)
260   $aBrussel,$bNationaal Centrum voor Oudheidkundige Navorsingen in België,$c1962.
300   $aviii, 282 p.$c26 cm.
490 0 $aOudheidkundige repertoria. [Reeks A: Bibliografische repertoria]$v2
651  0$aEast Flanders (Belgium)$xAntiquities$vBibliography.
988   $a20020608
906   $0OCLC

