LEADER 00743nam a2200193I  4500
001 004000866-5
005 20020606095253.2
008 810518s1963    ne       b    000 0 dut d
035 0 $aocm07426118
040   $aRETROCON/NYGG (COO)$cCOO$dHLS
090   $aZ2427.A8$bR42 v.4
100 1 $aLesenne, Monique.
245 10$aBibliografisch repertorium der oudheidkundige vondsten in Westvlaanderen$b(vanaf de vroegste tijden tot aan de Noormannen)
260   $aBrussel,$bNationaal Centrum voor Oudheidkundige Navorsingen in België,$c1963.
300   $aviii, 151 p.$c25 cm.
490 0 $aOudheidkundige repertoria. [Reeks A: Bibliografische repertoria]$v4
651  0$aWest Flanders (Belgium)$xAntiquities$vBibliography.
988   $a20020608
906   $0OCLC

