LEADER 00591ncm a2200169K  4500
001 004000867-3
005 20020606095253.2
008 810518n        xx uuu         n    ger d
035 0 $aocm07427595
040   $aPLF$cPLF$dHLS
100 1 $aBeck, M.
245 00$aWie spiele ich Akkordeon?$bLeicht verständliche Spielanleitung für kleine Instrumente mit 8-12-24-32 Bässen$cunter Verwendung von Volksliedern als Lehrftoff von M. Beck mit Beiträgen von C. Herold.
260   $aTrossingen-Württ,$bHohner$c[n.d.]
300   $a55 p.
490 0 $aHohner-Schule$vnr. 114
988   $a20020608
906   $0OCLC

