LEADER 01224nam a2200265I  4500
001 004000868-1
005 20070901105654.0
008 810520s1926    be            000 0 fre  
010   $a   26022925 
035 0 $aocm07433156
040   $aDLC$cSER$dHTV
050 0 $aBL2450.A6$bW4
050 0 $aBL2450.A6$bW4 1927
100 2 $aWeynants-Ronday, Marie Claire,$cMme.,$d1895-
245 14$aLes statues vivantes,$bintroduction à l'étude des statues égyptiennes;$cpréface de Jean Capart.
260   $aBruxelles,$bÉdition de la Fondation égyptologique reine Élisabeth,$c1926.
300   $aix, 203 p.$c24 cm.
500   $aAt head of title: M. Weynants-Ronday.
505 0 $aL'âme extérieure dans la croyance et les contes populaires: L'âme extérieure dans les objets inanimés.--L'âme extérieure dans les plantes.--L'âme extérieure dans les animaux.--Les contes populaires.--L'âme-portrait: L'ombre.--Le reflet.--La photographie, les dessins et les figures sculptées.--Les images animées.--Le "ka" et les "statues de double".
650  0$aAnimism.
650  0$aEschatology, Egyptian.
650  0$aSculpture$zEgypt.
710 2 $aFondation égyptologique reine Élisabeth.
988   $a20020608
906   $0DLC

