LEADER 00687nam a2200229Ii 4500
001 004000869-X
005 20080930105958.0
008 810528s1928    nyu           000 0 eng d
035 0 $aocm07453003
040   $aKSU$cKSU$dHLS
041 1 $aengfre
090   $aPN4168$b.B3 1928
100 1 $aBautain, L.$q(Louis),$d1796-1867.
245 14$aThe art of extempore speaking /$cby M. Bautain.
246 3 $aExtempore speaking.
250   $aNew ed. /$bwith foreword by Andrew D. White.
260   $aNew York :$bMcDevitt-Wilson's,$c1928.
300   $ax, 234 p. ;$c22 cm.
500   $aTranslation of Étude sur l'art de parler en public.
650  0$aOratory.
988   $a20020608
906   $0OCLC

