LEADER 00614nam a2200193Ia 4500
001 004000870-3
005 20070901105654.0
008 810604s1936    gw a     b    000 0 ger d
035 0 $aocm07475572
040   $aUMC$cUMC$dHTV
100 1 $aSchäfer, Heinrich,$d1868-1957.
245 14$aDas altägyptische Bildnis /$cHeinrich Schäfer.
260   $aGlückstadt ;$aNew York :$bJ.J. Augustin,$c1936.
300   $a46 p., [46] p. of plates :$bill. ;$c23 cm.
440  0$aLeipziger ägyptologische Studien ;$vHeft 5
504   $a"Anmerkungen" : p. [36]-42.
650  0$aSculpture, Egyptian.
988   $a20020608
906   $0OCLC

