LEADER 00750nam a2200193I  4500
001 004000871-1
005 20020606095253.2
008 810609s1966    be       b    000 0 fre d
035 0 $aocm07487408
040   $aRETROCON/NYGG (COO)$cCOO$dHLS
090   $aZ2427.A8$bR42 v.6
100 1 $aLesenne, Monique.
245 10$aBibliografisch repertorium der oudheidkundige vondsten in de provincie Antwerpen$b(vanaf de vroegste tijden tot de Noormannen)
260   $aBrussel,$bNationaal Centrum voor Oudheidkundige Navorsingen in België,$c1965.
300   $aix, 201 p.$c25 cm.
490 0 $aOudheidkundige repertoria. Reeks A: Bibliographische repertoria,$v6
651  0$aAntwerp (Belgium : Province)$xAntiquities$vBibliography.
988   $a20020608
906   $0OCLC

