LEADER 00843nam a2200229I  4500
001 004000872-X
005 20020606095253.2
008 810609s1968    be            000 0 dut  
010   $a   79887139 
015   $aBe-69-1094
035 0 $aocm07487537
040   $aDLC$cCOO$dHLS
050 0 $aZ2424.L73$bB38
100 1 $aLesenne, Monique.
245 10$aBibliografisch repertorium van de oudheidkundige vondsten in Limburg,$bbehoudens Tongeren-Koninksem. Vanaf de vroegste tijden tot de Noormannen.
260   $aBrussel,$bNationaal centrum voor oudheidkundige navorsingen in België [Jubelpark, 1]$c1968.
300   $axi, 445 p.$c26 cm.
490 0 $aOudheidkundige repertoria. Reeks A: Bibliografische repertoria,$v8
504   $aBibliography: p. v-xi.
651  0$aLimburg (Duchy)$xAntiquities$xBibliography.
988   $a20020608
906   $0DLC

