LEADER 00517nam a2200205I  4500
001 004000873-8
005 20020606095253.2
008 810609s1932    fr            000 0 fre  
010   $a   32014123 
035 0 $aocm07488398
040   $aDLC$cFHM$dHLS
050 0 $aHQ31$b.B35
082   $a177.6
100 1 $aBedel, Maurice,$d1884-1954.
245 14$aUne enquête sur l'amour.
260   $a[Paris]$bGallimard$c[1932]
300   $a3 p. l., 9-191, [1] p., 1 l.$c19 cm.
650  0$aLove.
988   $a20020608
906   $0DLC

