LEADER 00736nam a2200229I  4500
001 004000874-6
005 20020606095253.2
008 810611s1806    pau    b      000 0 eng  
010   $a   05040899 
035 0 $aocm07496163
035 0 $aocm15441939
040   $aDLC$cPKT$dPKT$dHVL
050   $aJC51$b.M76
100 1 $aMontagu, Edward Wortley,$d1713-1776.
245 10$aReflections on the rise and fall of the ancient republicks.$bAdapted to the present state of Great Britain.$cBy Edward W. Montagu, jun.
260   $aPhiladelphia,$bC. P. Wayne,$c1806.
300   $a2 p. l., xii, 335 p.$c19 cm.
500   $aShaw-Shoemaker 10889.
650  0$aRepublics.
650  0$aHistory, Ancient$xPhilosophy.
988   $a20020608
906   $0DLC

