LEADER 00533nam a2200205I  4500
001 004000875-4
005 20020606095253.2
008 810612s1941    tnuc          000 0 eng  
010   $a   41027805 
035 0 $aocm07499396
040   $aDLC$cALM$dHLS
050   $aRM730$b.B38
082   $a615.82
100 1 $aBearden, Clyde.
245 10$aHere we rest,$cby Clyde Bearden.
260   $a[Nashville,$bCullom & Ghertner Co.,$cc1941]
300   $a102 p.$bfront. (port.)$c22 cm.
650  0$aChiropractic.
988   $a20020608
906   $0DLC

