LEADER 01750nam a2200313Ia 4500
001 004000876-2
005 20120803122640.0
008 810624s1862    enkac         001 0 eng  
010   $a   35034433 
035 0 $aocn858127170
035 0 $aocm07525180
040   $aDLC$cFHM$dHLS$dHMM
043   $ae-it---
050 0 $aBX958.C7$bB4 1862
082   $a282
100 1 $aBeggi,$cDr.$q(Francesco Orazio)
245 14$aThe papal criminal history :$bpreceded by De Romanorum religionis origine. Biography of Augustus Caesar. The origin of Christianity; also, new historical facts connected with the apostles John, Peter, Paul, & Jacobus ... Of four Hebrew pontifices omitted in Genesis. The real donations by the Emperor Constantine to Bishop Sylvester. The whole taken from a copy of the unpublished ms. codex in the Vatican. Trial of Pope Gregory IV, by the imperial judges and juries. The histories of the Popess Joanna--the Theodoras and Marozia's reign--the great Countess Matilda, and her papal paramour. The orgies of the Holy Roman Catholic see. Together with Venice: its present martyrdom & its former glories. Etc., etc., etc. /$cby Dr. Beggi.
260   $aLondon :$bPrinted for the author, and sold by W. Easy [etc.],$c1862.
300   $axxvi, 666, 171 p. :$bill., port. ;$c19 cm.
500   $aIncludes index.
650  0$aPapacy$xHistory.
650  0$aPopes$xTemporal power.
651  0$aItaly$xHistory.
651  0$aVenice (Italy)$xHistory.
700 12$aBeggi,$cDr.$q(Francesco Orazio)$tVenice : its present martyrdom and its former glories.
740 02$aVenice : its present martyrdom and its former glories.
830  0$aHarvard College Library preservation digitization program.$5net
988   $a20020608
906   $0DLC

