LEADER 00844nam a2200241I  4500
001 004000877-0
005 20070901105654.0
008 810625s1951    gw bf    b    000 0 ger c
010   $aa  52002519 
035 0 $aocm07530197
040   $aWashington (State) Univ. Library$cWAU$dHTV
043   $ae-sw---$ae-gx---$ae-au---
100 1 $aHornstein, Felix von.
245 10$aWald und Mensch;$bWaldgeschichte des Alpenvorlandes Deutschlands, Österreichs und der Schweiz.
260   $aRavensburg,$bO. Maier$c[1951]
300   $axvi, 282 p.$bplates (1 col.) maps (1 fold.)$c28 cm.
500   $aMaps on lining papers.
504   $aBibliography: p. 255-273.
650  0$aForests and forestry$zSwitzerland.
650  0$aForests and forestry$zAustria$xHistory.
650  0$aForests and forestry$zGermany$xHistory.
988   $a20020608
906   $0OCLC

