LEADER 00875nam a2200229Ia 4500
001 004000878-9
005 20020606095253.2
008 810626s1580    sp            000 0 lat d
035 0 $aocm07534623
040   $aRRR$cRRR$dHVL
090   $aZZ6040$b.M55
100 2 $aMonter de la Cueva, Martin.
240 10$aIn titulum c. de pactis commentaria
245 10$aMartini Monter Oscensis I.V.D. ac in almo patriæ suae gymnasio iuris ciuilis interpretis primarii, in titulum c. pactis commentaria ...
260   $aOscæ :$bTypis, Ioannis Perez à Valdiuielso ... ,$c1580.
300   $a[20], 314, [2] p. ;$c28 cm. (fol.)
500   $aSignatures: [paragraph sign]⁴, 2[paragraph sign]⁶, a-t⁸, v⁶, (v6 a blank)
500   $aReferences: Palau 178312
650  0$aLaw$zSpain$vEarly works to 1800.
650  0$aRoman law$vEarly works to 1800.
988   $a20020608
906   $0OCLC

