LEADER 01086nam a2200289I  4500
001 004000879-7
005 20020606095253.2
008 810629s1966    it       b    000 0 ita  
010   $a   67040718 
035 0 $aocm07536918
040   $aDLC$cZYU$dZYU$dHLS
043   $ae-it---
050 0 $aHN39.I8$bB4
100 1 $aBedeschi, Lorenzo,$eed.
245 12$aI pionieri della D. C.;$bmodernismo cattolico 1896-1906.$cPref. de Gabriele de Rosa.
250   $a[1. ed. Milano]
260   $aMilano$bIl Saggiatore$c[1966]
300   $aviii, 732 p.$c21 cm.
500   $a"Pagine ... raccolte da opuscoli di autori noti o dimenticati."
504   $aIncludes bibliographies.
650  0$aChurch and social problems$zItaly$xCollections.
650  0$aChurch and social problems$xCatholic Church$xCollections.
650  0$aChurch and social problems$zItaly.
650  0$aChurch and social problems$xCatholic Church.
776 08$iOnline version:$aBedeschi, Lorenzo.$tPionieri della D.C.$b[1. ed. Milano].$dMilano Il Saggiatore [1966]$w(OCoLC)576653978
988   $a20020608
906   $0DLC

