LEADER 00560nam a2200205Ia 4500
001 004000881-9
005 20020606095253.2
008 810701s1957    nz            000 0 eng d
035 0 $aocm07542991
040   $aAFU$cAFU$dHLS
090   $aPR9664$b.B3
100 1 $aBaxter, James K.$ecomp.
245 14$aThe iron breadboard ;$bstudies in New Zealand writing.
260   $aWellington,$bMermaid Press,$c1957.
300   $aunpaged$c22 cm.
490 0 $aGlover book.
500   $aPoems.
650  0$aNew Zealand poetry$y20th century.
988   $a20020608
906   $0OCLC

