LEADER 00630nam a2200205I  4500
001 004000882-7
005 20020606095253.2
008 810711s1842    maua          000 0 eng  
010   $a   07035682 
035 0 $aocm07571390
040   $aDLC$cSUC$dSUC$dHLS
050   $aTX145$b.B41
100 1 $aBeecher, Catharine Esther,$d1800-1878.
245 02$aA treatise on domestic economy,$bfor the use of young ladies at home, and at school.$cBy Miss Catherine E. Beecher.
250   $aRev. ed.
260   $aBoston,$bT.H. Webb & Co.,$cc1842.
300   $a383 p.$billus.$c20 cm.
650  0$aHome economics.
988   $a20020608
906   $0DLC

