LEADER 00883nam a2200217I  4500
001 004000883-5
005 20020606095253.2
008 810805s1911    paua          000 0 eng  
010   $a   11028091 
035 0 $aocm07641754
040   $aDLC$cIAH$dHLS
050   $aQC641$b.B3
100 1 $aBeaver, Jacob Lynford,$d1882-
245 14$aThe principles of alternating currents,$cby J. L. Beaver.
260   $aPhiladelphia,$bThe author,$c1911.
300   $a194 p.$bdiagrs.$c24 cm.
500   $a"This book has been developed from the lecture notes of the author, as given in the second year's work in Alternating currents in the night school at Drexel Institute."
650  0$aElectric currents, Alternating.
776 08$iOnline version:$aBeaver, Jacob Lynford, 1882-$tPrinciples of alternating currents.$dPhiladelphia, The author, 1911$w(OCoLC)894188431
988   $a20020608
906   $0DLC

