LEADER 00645nam a2200217I  4500
001 004000884-3
005 20090923192424.0
008 810806s1911    enka          000 0 eng d
010   $a   11027206 
035 0 $aocm07644279
040   $aNSA$cNSA$dHLS
090   $aGN652.S8$bB39
100 1 $aBeech, Mervyn Worcester Howard.
245 14$aThe Suk;$btheir language and folklore,$cwith introduction by Sir Charles Eliot.
260   $aOxford [Eng.]$bClarendon Press,$c1911.
300   $axxiv, 151 p.$b3 fold. maps.
650  0$aSuk (African people)
650  0$aSuk language.
650  0$aFolklore$zAfrica, East.
988   $a20020608
906   $0OCLC

