LEADER 00574nam a2200205Ia 4500
001 004000885-1
005 20020606095253.2
008 810808s1977    un a          000 1 ukrod
020   $c1.10rub
035 0 $aocm07652586
040   $aIUL$cIUL$dHLS
050  4$aPG3948.B384$bP7
090   $aPG3948.B384$bP65x
100 1 $aBedzyk, I︠U︡riĭ,$d1925-
245 10$aPoverkh - 42 :$broman /$cI︠U︡riĭ Bedzyk.
260   $aKyı̈v :$bRadi︠a︡nsʹkyĭ pysʹmennyk,$c1977.
300   $a271 p. :$bill. ;$c21 cm.
490 0 $aSuchasnyĭ roman
988   $a20020608
906   $0OCLC

