LEADER 00790cam a2200229I  4500
001 004000886-X
005 20080710102733.0
008 810819s1789    fr            000 0 fre  
010   $a   04022205 
035 0 $aocm07682359
035 0 $aocm07682359$zocm14473235
040   $aDLC$cCUI$dOCL$dIBV$dHVL
050   $aJS4823$b.R4
100 1 $aFavier.
245 00$aRecherches historiques sur les municipalités,$bpour servir à éclairer sur leurs droits, leur jurisdiction et leur organisation ... Suivies de l'esprit de Grotius, ou du gouvernement harmonique.
260   $aParis :$c1789.
300   $a156 p. ;$c20 cm.
500   $aBarbier gives Favier as author.
600 10$aGrotius, Hugo,$d1583-1645.
650  0$aMunicipal government$zFrance$xHistory.
988   $a20020608
906   $0DLC

