LEADER 01040nam a2200253I  4500
001 004000887-8
005 20020606095253.2
008 810819m18421843fr            000 0 fre  
010   $a   28006034 
035 0 $aocm07683002
040   $aDLC$cLUL$dLUL$dHVL
043   $ae-fr---
050 04$aKJV532$b.P76 1842x
100 1 $aProudhon,$cM.$q(Jean Baptiste Victor),$d1758-1838.
245 10$aTraité sur l'etat des personnes et sur titre preliminaire du Code civil /$cpar M. Proudhon.
250   $a3e éd.$bconsidéralement aug. / par M. Valette.
260   $aDijon ;$aParis :$bVictor Lagier :$bJoubert,$c1842-1845.
300   $a2 v. ;$c23 cm.
650  0$aCivil law$zFrance.
700 1 $aValette, Auguste,$d1805-1878.
700 1 $aValette, A.$q(Auguste),$d1805-1878.
776 08$iOnline version:$aProudhon, M. (Jean Baptiste Victor), 1758-1838.$tTraité sur l'etat des personnes et sur titre preliminaire du Code civil.$b3e éd.$dDijon ; Paris : Victor Lagier : Joubert, 1842-1845$w(OCoLC)867054053
988   $a20020608
906   $0DLC

