LEADER 01211cam a2200337Ia 4500
001 004000888-6
005 20020606095253.2
008 810821s1874    quc      b    000 0 fre d
010   $anuc87340388 
020   $a0665023324
035 0 $aocm07690264
040   $aUnM$cUMI$dEEU$dUMI$dRQM$dHLS
050  4$aBT88$b.B4
082  4$a230
100 1 $aBégin, Louis-Nazaire,$d1840-1925.
245 13$aLa Sainte Ecriture et la règle de foi /$cpar Louis-Nazaire Bégin ...
246 3 $aRègle de foi.
260   $a[Québec :$bs.n.],$c1874$e(Québec :$fA. Coté)
300   $axiii, 298 p. ;$c20 cm.
500   $aPublished also in English under title: The Bible and the rule of faith (CIHM microfiche no. 04174)
500   $aReproduction of original in: Public Archives of Canada Library.
500   $aMaster microform held by: CaOOCIHM; distributed in the U.S. by UnM.
504   $aIncludes bibliographical references.
610 20$aCatholic Church$xDoctrines$xHistory.
630 00$aBible$xEvidences, authority, etc.
650  0$aTheology, Doctrinal.
650  0$aTheology, Protestant.
650  0$aAuthority$xReligious aspects.
787 1 $w(DLC)40-21076
988   $a20020608
906   $0OCLC

