LEADER 00783cam a2200253 i 4500
001 004000889-4
005 20020606095253.2
008 810810m18449999gw       b    000 0 ger  
010   $a   81478814 //r92
035 0 $aocm07733473
040   $aDLC$cDLC$dHVL
050 00$aJF1353$b.M68 1844
100 1 $aMohl, Robert von,$d1799-1875.
245 14$aDie Polizei-Wissenschaft nach den Grundsätzen des Rechtsstaates /$cvon Robert von Mohl.
250   $a2., umgearb. Aufl.
260   $aTübingen :$bVerlag der Laupp'schen Buchhandlung,$c1844-<1845 >
300   $av. <1, 3 > ;$c21 cm.
504   $aIncludes bibliographical references.
650  0$aState, The.
650  0$aLaw$xHistory.
650  0$aPolice power.
650  0$aAdministrative law.
988   $a20020608
906   $0DLC

