LEADER 00690nam a2200229Ia 4500
001 004000890-8
005 20060622100815.0
008 810924s1838    mau           001 0 eng d
010   $a   15021736 
035 0 $aocm31802246
035 0 $aocm07789354
040   $aVXW$cVXW$dHVL
090   $aKF9242$b.R3 1838
100 1 $aRay, Isaac,$d1807-1881.
245 12$aA treatise on the medical jurisprudence of insanity /$cby I. Ray, M.D.
260   $aBoston :$bC. Little and J. Brown,$c1838.
300   $axv, 480 p. ;$c24 cm.
650  0$aInsanity (Law)
830  0$a19th-century legal treatises ;$vno. 67263-67268.$5law
830  0$aMaking of modern law$5net
988   $a20020608
906   $0OCLC

