LEADER 01379nam a2200241Ia 4500
001 004000891-6
005 20110624162248.0
008 811001r17481748sz            000 0 fre d
035 0 $aocm07807531
040   $aIBV$cIBV$dHVL
090   $aJC179$b.M76 1748a
100 1 $aMontesquieu, Charles de Secondat,$cbaron de,$d1689-1755.
245 10$aDe l'esprit des lois :$bou Du rapport que les loix doivent avoir avec la constitution de chaque gouvernement, les moeurs le climat, la religion, le commerce, &c. ; à quoi l'auteur a ajouté. Des recherches nouvelles sur les loix romaines touchant les successions, sur les loix françoises, & sur les loix féodales.
260   $aA Geneve :$bChez Barrillot, & fils$c[1748]
300   $a2 v. ;$c27 cm.
500   $aSignatures: v.1: [dagger]⁴, a-c⁴, A-Ttt⁴, Vvv²; v.2: 2 leaves unsigned, a-b⁴, A-Aaaa⁴, Bbbb².
500   $aSecond edition, which can be distinguished from the 1st by the following points: (1) 4th line of title ends: ... avoir avec la (1st ed.: ... avoir avec la cons-); (2) "Barillot" in the imprint ("Barrilot" in 1st ed.); (3) errata at end of v.1 (this leaf blank in 1st ed.)
500   $aEdited by Jean Jacob Varnet.
650  0$aPolitical science$vEarly works to 1800.
650  0$aState, The$vEarly works to 1800.
700 1 $aVarnet, Jean Jacob,$d1698-1789,$eed.
988   $a20020608
906   $0OCLC

