LEADER 00630nam a2200229K  4500
001 004000892-4
005 20020606095253.2
008 811009s1794    enk           000 0 eng d
035 0 $aocm07834368
040   $aPLF$cPLF$dHVL
041 1 $aeng$hfre
100 1 $aMontesquieu, Charles de Secondat,$cbaron de,$d1689-1755.
245 14$aThe spirit of laws,$ctranslated from the French.
250   $aA new ed.
260   $aLondon,$bPrinted for P. Dodesley,$c1794.
300   $a2 v.
650  0$aPolitical science.
650  0$aState, The.
650  0$aLaw$xPhilosophy.
650  0$aJurisprudence.
988   $a20020608
906   $0OCLC

