LEADER 00964cas a2200253Ia 4500
001 004000894-0
005 20020606095253.2
008 811020d18701885kyumr p       0   a0eng d
016 7 $aA25661000$2DNLM
035 0 $aocm07860447
040   $aMUL$cMUL$dSER$dNSD$dHMS
060 0 $aW1 AM715R
130 0 $aAmerican practitioner (Louisville, Ky.)
245 04$aThe American practitioner :$ba monthly journal of medicine and surgery.
260   $aLouisville, Ky. :$bJohn Morton and Company,$c1870-1885.
362 0 $aVol. 1 (Jan. 1870)-v. 32 (Dec. 1885).
500   $aDescription based on: surrogate of title page for v. 32, 1885.
580   $aMerged with: Louisville medical news, to form: American practitioner and news.
650  2$aMedicine$xperiodicals.
780 00$tWestern journal of medicine
785 17$tLouisville medical news$w(OCoLC)10439373
785 17$tAmerican practitioner and news$x1040-3882$w(DLC)sn 88000521
988   $a20020608
906   $0OCLC

