LEADER 00589nas a2200181 a 4500
001 004000895-9
005 00000000000000.0
008 811020u18uu9999enkwr p       0   a0eng d
035 0 $aocm07861044
040   $aNYG$cNYG$dHBS
245 04$aThe Railway chronicle:$bjournal of traffic, shares, engineering improvements, and all matters connected with railways.
260   $aLondon :$bJ. Francis,
300   $av. :$bill. ;$c27 cm.
500   $aDescription based on: Jan.-June 1945.
650  0$aRailroads$vPeriodicals.
830  0$aMaking of the Modern World.$5net
988   $a20020608
906   $0OCLC

