LEADER 00612cas a22002177a 4500
001 004000896-7
005 20020606095253.2
008 811021d19291932nyumr p       0   a0eng d
010   $asn 77020390 
035 0 $aocm07865824
040   $aNYG$cNYG$dNYS$dHBS
042   $amsc
245 00$aRailroad man's magazine.
260   $a[New York, N.Y. :$bFrank A. Munsey Co.].$c1929- .
300   $a7 v. :$bill. ;$c26 cm.
362 0 $aVol. 1, no. 1 (Dec. 1929)-Vol. 7, no. 2 (Jan. 1932).
500   $aTitle from cover.
650  0$aRailroads$vPeriodicals.
785 00$tRailroad stories
988   $a20020608
906   $0OCLC

