LEADER 00667cas a22002297a 4500
001 004000897-5
005 20020606095253.2
008 811021d1932193unyumr p       0   a0eng d
010   $asn 77020389 
035 0 $aocm07865826
040   $aNYG$cNYG$dNYS$dHBS
042   $amsc
245 00$aRailroad stories :$bthe railroad man's magazine.
260   $a[New York, N.Y. :$bFrank A. Munsey Co.],$c1932- .
300   $av. :$bill. ;$c26 cm.
362 0 $aVol. 7, no. 3 (Feb. 1932)- .
500   $aTitle from cover.
650  0$aRailroads$vPeriodicals.
780 00$tRailroad man's magazine
785 00$tRailroad magazine$w(OCoLC)5465534
988   $a20020608
906   $0OCLC

