LEADER 01550cam a2200301 a 4500
001 004000898-3
005 20020606095253.2
008 810924s1548    it       d    001 0 ita  
010   $a   81481345 
035 0 $aocm07876152
040   $aDLC$cDLC$dHHG
050 0 $aPC1620$b.A6 1548
082 0 $a453$219
100 1 $aAlunno, Francesco,$d-1556.
245 13$aLa fabrica del mondo :$bnella quale si contengono tutte le uoci di Dante, del Petrarca, del Boccaccio, & d'altri buoni autori, con la dichiaratione di quelle, & con le sue interpretationi Latine, con le quali si ponno scriuendo isprimere tutti i concetti dell'huomo di qualunque cosa creata /$cdi M. Francesco Alunno da Ferrara.
260   $aIn Vinegia :$bStampata in Venetia per Nicolo de Bascarini Bresciano,$c1548.
300   $a[6], 259, [49] leaves ;$c32 cm. (fol.)
500   $aStatement of responsibility transposed from end of title proper.
500   $aPrinter statement from colophon, which is dated 1546.
500   $aSignatures: [dagger]⁶ a-2t⁶ 2u⁸ (2u8 blank) A-H⁶.
500   $aAuthor's port. on t.p.
500   $aReferences: Index Aureliensis, 104.171; Marshall, R.G. STC Italian, v. 1, p. 45.
500   $aColophon on verso of leaf 259: Stampata in Venetia per Nicolo de Bascarini ... nell'anno del Signore. M.D.XLVI ...
500   $aPortrait of the author on t.-p.; author's device on verso of leaf 259 & on last page.
650  0$aItalian language$xDictionaries$xEarly works to 1700.
752   $aItaly$dVenice.
988   $a20020608
906   $0DLC

