LEADER 01617nam a2200325 a 4500
001 004000899-1
005 20020606095253.2
008 810924r1557    it       d    001 0 ita  
010   $a   81481346 
035 0 $aocm07876154
040   $aDLC$cDLC$dHHG
050 0 $aPC1620$b.A7 1557
082 0 $a453$219
100 1 $aAlunno, Francesco,$d-1556.
240 10$aRicchezze della lingua volgare
245 13$aLe ricchezze della lingua uolgare sopra il Boccaccio :$bcon le dechiarationi, regole, osseruationi, & aggiontoui le cadenze o uero desinenze di tutte le uoci del detto Boccaccio, e del Petrarcha, per ordine di alphabeto, col Decamerone secondo l'originale, e ristampato dall'Academia fiorentina, e segnato coi numeri corrispondenti all'opera /$cdi M. Francesco Alunno da Ferrara.
250   $aDi nuouo ristampate, ricorrette, et ampliate dallo istesso autore.
260   $aIn Vinegia :$bPer Paulo Gherardo,$c1557.
300   $a395, [1] leaves ;$c21 cm. (4to)
500   $aStatement of responsibility and edition statement transposed from end of title proper.
500   $aColophon: In Vinegia per Comin da Trino ...
500   $aSignatures: A-3C⁸ D⁴.
500   $aAuthor's port. on t.p.
500   $aReferences: Index Aureliensis, 104.197; Marshall, R.G. STC Italian, v. 1, p. 46.
500   $aWoodcut portrait of Alunno on t.-p.; printer's mark (?) on last pape.
600 10$aBoccaccio, Giovanni,$d1313-1375$xConcordances.
600 10$aPetrarca, Francesco,$d1304-1374$xConcordances.
650  0$aItalian language$xDictionaries$xEarly works to 1700.
988   $a20020608
906   $0DLC

