LEADER 01156cam a2200301Ii 4500
001 004000900-9
005 20020606095253.2
008 811026s1938    ph ac         000 0 eng d
035 0 $aocm07878725
040   $aIDJ$cIDJ$dOCL$dHLS
041 0 $aengspa
043   $aa-ph---
050 14$aBX2215.A1$bI6 1937
090   $aBX2215.A1$bI6 1937a
111 2 $aInternational eucharistic congress$n(33d :$d1937 :$cManila)
245 14$aThe greatest international event in the Orient :$ba compilation of the facts and data about the 33d International eucharistic congress : the most inspiring spiritual gathering ever witnessed in the Far East : ill. with 182 pictures /$ced. and pub. by Agripino D. Bautista.
260   $aManila :$bA.D. Bautista,$c1938.
300   $a421 p. :$bill. ports. ;$c24 cm.
500   $aEnglish-Spanish ed.
610 20$aCatholic Church$xMissions.
650  0$aLord's Supper$xCongresses.
650  0$aMissions$zPhilippines.
650  0$aMissions$zEast Asia.
655  7$aConference proceedings.$2fast
700 1 $aBautista, Agripino D.,$eed.
700 1 $aBautista, Agripino D.,$eeditor.
988   $a20020608
906   $0OCLC

