LEADER 00736cam a2200217Ia 4500
001 004000901-7
005 20070901105655.0
008 811028s1917    ne            000 0 fre d
020   $c$20.00
020   $c$20.00
035 0 $aocm07886169
040   $aFDA$cFDA$dHTV
100 1 $aLugt, Frits,$d1884-1970.
245 13$aLe portrait-miniature :$billustré par la collection de S.M. la reine des Pays-Bas /$cpar Frits Lugt.
260   $aAmsterdam :$bKampen,$c1917.
300   $a108 p., [14] leaves of col. plates :$bill. ;$c22 cm.
500   $a"Composé de l'ensemble d'une série d'articles parus en hollandais dans le périodique 'Oude Kunst.'"
650  0$aMiniature painting.
650  0$aPortraits.
988   $a20020608
906   $0OCLC

