LEADER 00450nam a2200169I  4500
001 004000902-5
005 20020606095253.2
008 811029s1968    ph            000 0 eng d
035 0 $aocm07892541
040   $aKSU$cKSU$dHLS
090   $aPL5548.B3$bC3
100 1 $aBautista, Cirilo F.
245 14$aThe cave and other poems$c[by] Cirilo F. Bautista.
260   $aBaguio City,$bAto Bookshop,$c1968.
300   $a70 p.$c24 cm.
988   $a20020608
906   $0OCLC

