LEADER 00657cas a2200241 a 4500
001 004000903-3
005 20020606095253.2
008 811102d19101916nyu x m       0   a0eng d
010   $aca 11000400 //r852
035 0 $aocm07900002
040   $aNYG$cNYG$dDLC$dHBS
042   $alc
043   $an-us---
050 00$aHE2715$b.R45
245 00$aRailway Business Association bulletin.
260   $a[New York] :$bThe Association,$c1910-1916.
300   $a19 v. ;$c25 cm.
310   $aIrregular
362 0 $aNo. 1-no. 19.
650  0$aRailroads$zUnited States$vPeriodicals.
710 2 $aRailway Business Association (U.S.)
988   $a20020608
906   $0OCLC

