LEADER 00804nam a2200253Ia 4500
001 004000904-1
005 20020606095253.2
008 811103s1846    nyuag         000 0 eng d
010   $a   17006843 
035 0 $aocm07904426
040   $aDLC$cKSU$dHMG$dHMM
050 0 $aPN4201$b.C65 1846
100 1 $aClaggett, R.$q(Rufus)
245 14$aThe easy manual of reading, speaking & singing /$cby R. Claggett.
246 3 $aEasy manual of reading, speaking and singing.
260   $aNew York :$bPaine & Burgess,$c1846.
300   $a144 p. :$bill., music ;$c19 cm.
500   $a"Vocal music": p. 101-144.
650  0$aReaders.
650  0$aRecitations.
650  0$aChildren's songs.
830  0$aHarvard reading textbooks preservation microfilm project ;$v03470.$5mmf
988   $a20020608
906   $0DLC

