LEADER 00691nam a22002291  4500
001 004000905-X
005 20071015202607.0
008 900529s1913    fr a          000 0 fre c
010   $a   25026871 //r90
035 0 $aocm07938270
040   $aDLC/ICU$cCGU$dHTV
050 00$aQB15$b.S3
050 00$aQB15$b.S3 1913
100 1 $aSageret, Jules,$d1861-
245 13$aLe système du monde des Chaldéens à Newton,$cpar Jules Sageret, avec 20 figures dans le texte.
260   $a[Paris]$bF. Alcan,$c1913.
300   $a2 p.l., 279, [1] p.$bdiagrs.$c19 cm.
440  0$aNouvelle collection scientifique
650  0$aAstronomy$xHistory.
650  0$aCosmology.
988   $a20020608
906   $0OCLC

