LEADER 00647cam a2200193Ia 4500
001 004000907-6
005 20071015202607.0
008 811217s1966    mau           000 0 eng d
035 0 $aocm08004141
040   $aCUI$cCUI$dUIU$dHTV
245 04$aThe romantic ballet :$bcatalogue of an exhibition, Harvard Theatre Collection, 1966 /$c[compiled by P.D. Hull]
260   $aCambridge, Mass. :$bHoughton Library, Harvard University,$c1966.
300   $avi, 28 p. ;$c26 cm.
650  0$aBallet$xExhibitions.
700 1 $aHull, Penelope D.
710 2 $aHoughton Library.
752   $aUnited States$bMassachusetts$dCambridge.
988   $a20020608
906   $0OCLC

