LEADER 01076cam a2200313I  4500
001 004000909-2
005 20081107123001.0
008 811229s1964    is b          000 0 eng  
010   $ahe 65000734 
035 0 $aocm08025260
040   $aDLC$cEEM$dOCL$dHLS
041 1 $aeng$hheb
043   $aa-is---
050   $aDS126$b.B375 1964
100 1 $aBegin, Menachem,$d1913-1992.
240 10$aMered.$lEnglish.
245 14$aThe revolt;$bstory of the Irgun,$cby Menachem Begin. Translated by Samuel Katz.
260   $aTel-Aviv,$bHadar Pub. Co.$c[1964].
300   $a386 p.$bmaps.$c22 cm.
610 20$aIrgun tsevaʾi leʾumi
651  0$aIsrael$xHistory$y1929-1948.
610 20$aIrgun tsevaʼi leʼumi (Israel)
600 10$aBegin, Menachem,$d1913-1992.
651  0$aPalestine$xHistory$y1917-1948.
650  0$aStatesmen$zIsrael$vBiography.
700 1 $aBegin, Menachem,$d1913-1992.$tMered.
776 08$iOnline version:$aBegin, Menachem, 1913-1992.$sMered. English.$tRevolt.$dTel-Aviv : Hadar Pub. Co, [1964]$w(OCoLC)892034751
988   $a20020608
906   $0DLC

