LEADER 00649cam a2200193Ia 4500
001 004000910-6
005 20020606095253.2
008 820113s1873    nyub          000 0 eng d
035 0 $aocm08059429
040   $aYSM$cYSM$dOCL$dHLS
043   $an-us-ny
090   $aG3801.L6$b1873 .A78
245 00$aAtlas of Long Island, New York :$bfrom recent and actual surveys and records /$cunder the superintendence of F.W. Beers.
260   $aNew York :$bBeers, Comstock & Cline,$c1873.
300   $a1 atlas (192 p.) :$bchiefly col. maps ;$c41 cm.
651  0$aLong Island (N.Y.)$xMaps.
700 1 $aBeers, F. W.$q(Frederick W.)
988   $a20020608
906   $0OCLC

