LEADER 00643cam a2200181Ia 4500
001 004000911-4
005 20070901105655.0
008 820115s1931    enkabf        000 0 eng d
035 0 $aocm08067871
040   $aMBE$cMBE$dOCL$dHTV
100 1 $aThomas, Lowell,$d1892-1981.
245 10$aIndia, land of the Black pagoda /$cby Lowell Thomas ; 64 pages of illustrations from photographs taken by H. A. Chase, F. R. G. S. and by the author.
260   $aLondon :$bHutchinson & Co.,$c1931.
300   $axiii, 288 p. :$bill., plates ;$c24 cm.
500   $aMaps on lining-papers.
651  0$aIndia$xDescription and travel.
988   $a20020608
906   $0OCLC

