LEADER 01093cam a2200277Ia 4500
001 004000912-2
005 20020606095253.2
008 820129r19601960po abf   b    000 0 por d
035 0 $aocm08107380
040   $aPIT$cPIT$dHLS
043   $ae-po---
050  4$aHF3700.L5$bB42
090   $aHF3700.L5$bB42
100 1 $aBebiano, José Bacellar,$d1894-
245 12$aO porto de Lisboa, estudo de história económica /$cpelo J. Bacellar Bebiano.
260   $aLisboa :$bAdministração-Geral do Porto de Lisboa,$c1960.
300   $a154 p., [6] leaves of plates :$bill. (some col.), maps ;$c33 cm.
500   $aAt head of title: Quinto centenário do Infante D. Henrique.
500   $a"Separata da publicação O porto de Lisboa, estudo de história económica, seguido do catálogo bibliográfico e iconográfico."
500   $aTwelve folded plates (graphs ; maps) in pocket.
504   $aIncludes bibliographical references.
651  0$aLisbon (Portugal)$xCommerce.
650  0$aHarbors$zPortugal$zLisbon.
651  0$aLisbon (Portugal)$xHarbor.
988   $a20020608
906   $0OCLC

