LEADER 00602nam a2200229I  4500
001 004000914-9
005 20020606095253.2
008 820215s1965    fr       b    000 0 fre  
010   $a   68096196 
015   $aF66-5240
035 0 $aocm08154931
040   $aDLC$cTJC$dHLS
050 0 $aBJ1287.B33$bC5
100 1 $aBaruk, Henri,$d1897-
245 10$aCivilisation hébraīque et science de l'homme.
260   $aParis,$bZikarone,$c1965.
300   $a223 p.$c21 cm.
500   $aIllustrated cover.
504   $aBibliographical footnotes.
650  0$aJewish ethics.
988   $a20020608
906   $0DLC

