LEADER 01538cam a2200301Ia 4500
001 004000915-7
005 20020606095253.2
008 820217s1730    po acf        000 0bpor d
035 0 $aocm08161552
040   $aNDD$cNDD$dOCL$dHHG
100 1 $aCadaval, Jaime de Melo,$cduque de,$d1684-1749.
245 10$aUltimas acçoẽs do duque D. Nuno Alvares Pereira de Mello :$bdesde 11. de setembro de 1725 atè 29. de janeiro de 1727, em que faleceu : relação do seu entêrro e das exéquias que se lhe fizerão em Lisboa e nas terras de que era donatário /$cescritas e dedicadas a' magestade de D. João V. rey de Portugal pelo duque Dom Jaime ....
260   $aLisboa Occidental :$bNa Officina da Musica,$c1730.
300   $a[40], 370, [2] p., [30] leaves of plates (some folded) :$bill., port. ;$c42 cm.
500   $aSignatures: *-***⁴, [sec.]⁴, [double sec.]⁴, A-Z⁶, Aa-Hh⁶.
500   $aTitle vignette.
500   $aIllustrated engraved added title page.
500   $aHeadpieces, tailpieces and historated initials.
500   $aPages [2], [4], [8], [40], first sequence, [66], [92], [110], [130], [132], [154], [174], [240], [371] and [372] are blank.
500   $aPage 331 misnumbered 313.
600 10$aCadaval, Nuno Alvares Pereira de Melo,$cduque de,$d1638-1727.
650  0$aNobility$zPortugal$vBiography.
650  0$aStatesmen$zPortugal$vBiography.
650  0$aEmblem books, Portuguese.
650  0$aEngraving, French.
700 1 $aQuillard, Antoine,$d1701-1733.
988   $a20020608
906   $0OCLC

