LEADER 01467nam a2200301Ii 4500
001 004000916-5
005 20020606095253.2
008 820222s1735    it            000 0 lat  
010   $a   38033430 
035 0 $aocm08179303
040   $aDLC$cIDJ$dHVL
043   $ae-it---
100 1 $aDe Luca, Giovanni Battista,$d1614-1683.
245 10$aTractatus de officiis venalibus vacabilibus Romanae curiae : cum juribus, seu documentis, infromationibus, responsis, & decisionibus super suppressione Collegii secretariorum apostolicorum : accedit alter tractatus De locis montium non vacabilium urbus : cum nonnullis summorum pontificum constitutionibus : nec non Sacrae Rotae romae decisionibus ad materiam facientibus, suis locis optimè adjectis /$cJo. Baptistae de Luca.
246 3 $aDe locis montium non vacabilium urbis.
260   $aVenetiis :$bex typographia Balleoniana,$c1735.
300   $a308 p. ;$c38 cm.
500   $aPrinters device on t.-p.
501   $aWith this is bound the author's Commentaria ad Constitutionem sanctae mem : Innocentii XI -- Venetiis, 1735.
610 20$aCatholic Church.$bCuria Romana.
650  0$aCanon law$vEarly works to 1800.
650  0$aBanks and banking$zPapal States$vEarly works to 1800.
650  0$aPawnbroking$zPapal States$vEarly works to 1800.
650  0$aCanon law.
650  0$aBanks and banking$zItaly$zPapal States.
650  0$aPawnbroking$zItaly$zPapal States.
988   $a20020608
906   $0DLC

