LEADER 01152cas a2200265 a 4500
001 004000917-3
005 20130115102158.0
008 820302d18801882pauuu p       0   a0eng d
016 7 $aSR0009263$2DNLM
035 0 $aocm08205481
040   $aQPR$cQPR$dNLM$dHMS
090   $aR729.56$bA43
245 04$aThe American specialist.
260   $aPhiladelphia :$bPresley Blakiston,$c1880-1882.
300   $a3 v. ;$c24 cm.
362 0 $aVol. 1, no. 1 (Oct. 1880)-v.3, no. 1 (Jan. 1882)
500   $a"A journal of medical and surgical science. Devoted mainly to the publication of original articles, and selections from home and foreign journals, on the diseases of the eye, ear, throat, skin, venereal diseases, etc., with such other matters as shall seem of interest and value to the general practitioner.
650  0$aMedicine$xSpecialties and specialists$vPeriodicals.
650  2$aMedicine.
655  2$aPeriodicals.
780 00$tSpecialist and intelligencer$w(OCoLC)8205441
785 00$tMedical register
830  0$aFrancis A. Countway Library of Medicine--Medical Heritage Library digitization project.$5net
988   $a20090723
906   $0OCLC

