LEADER 00778cam a2200217I  4500
001 004000919-X
005 20020606095253.2
008 820305s1861    fr            000 0 fre d
035 0 $aocm08215771
040   $aTJC$cTJC$dOCL$dHLS
090   $aDS123$b.B39
100 1 $aBédarride, J.$q(Jassuda),$d1804-1882.
245 04$aLes Juifs en France, en Italie, et en Espagne,$brecherches sur leur état depuis leur dispersion jusqu'à nos jours sous le rapport de la législation, de la littérature et du commerce$cpar I. Bédarride.
250   $a2. éd., rev. et cor.
260   $aParis,$bMichel Lévy frères,$c1861.
300   $a2 p. ℓ., viii, 611, [1] p.$c23 cm.
650  0$aJews$zFrance.
650  0$aJews$zItaly.
650  0$aJews$zSpain.
988   $a20020608
906   $0OCLC

