LEADER 00491nam a2200181Ia 4500
001 004000920-3
005 20020606095253.2
008 820313s1955    bu            000 1 bul d
035 0 $aocm08242129
040   $aBUF$cBUF$dHLS
090   $aPG1037.B28$bK6
100 1 $aBarukh, Armand,$d1908-
245 10$aRalevi :$broman /$cArmand Barukh.
260   $aSofii︠a︡, [Bulgaria] :$bNarodna Kultura,$c1955.
300   $a554 p. ;$c21 cm.
500   $aRomanized record.
988   $a20020608
906   $0OCLC

