LEADER 01727cam a2200289Ia 4500
001 004000921-1
005 20020606095253.2
008 820317s1649    enk      l    000 0 eng d
010   $anuc87793152 
035 0 $aocm08251600
040   $aUnM$cUMI$dOCL$dRQM$dHVL
043   $ae-uk---
050 14$aKD838.M3$bL68
100 0 $aLover of Englishmens freedomes.
245 12$aA prospective glasse$h[microform] :$bwherein Englands bondage under the Normane yoke, with the rise, growth, and continuation is clearly asserted, a subject not yet treated upon ... shewing how the law came to be in an unknown tongue, and from whence the judges and other inferior lawyers had their beginning, and in opposition to former law, how the 4 termes of the yeer came to be kept : as also, the corruption of this law, bringing with it the fines and rents to the lord of the manor for all free-holds and copyhold land : being a collection from the most choice of modern historians : with some brief observations upon Scripture, as proving from thence that this law is contradictory to the nature of God's dealing with the sons of man, and contrary to the nature of freedome /$cby a lover of Englishmens freedomes.
260   $aLondon :$bPrinted at the authors charge,$c1649.
300   $a[2], 20 p.
500   $aAttributed by Wing to Henry Walker.
500   $aMaster microform held by: UnM.
500   $aReproduction of original in the Cambridge University Library.
510 4 $aWing$cW380
650  0$aLand tenure$zGreat Britain.
650  0$aLand tenure$xLaw and legislation$zGreat Britain.
700 1 $aWalker, Henry,$cIronmonger.
830  0$aEarly English books, 1641-1700 ;$v1243:15.$5mic
988   $a20020608
906   $0OCLC

