LEADER 01929nam a2200361 a 4500
001 004000923-8
005 20020606095253.2
008 860102m16921693enk           000 0 eng  
010   $anuc87755190 
035 0 $aocm84853553
035 0 $aocm08254224
035 0 $aocm13094445
040   $aDLC$cDLC$dm/c$dHVL
043   $ae-uk---
050 14$aDA432 1692$b.S63
050 0 $aDA461$b.S67 1692
082 0 $a941.06/8$219
100 1 $aSprat, Thomas,$d1635-1713.
245 12$aA relation of the late wicked contrivance of Stephen Blackhead and Robert Young against the lives of several persons by forging an association under their hands /$cwritten by the Bishop of Rochester ...
246 3 $aSecond part of the Relation of the late wicked contrivance against the lives of several persons by forging an association under their hands.
260   $a[London] :$bPrinted by Edward Jones,$c1692-1693.
300   $a2 v. ;$c20 cm. (4to)
500   $aPlace of printing given on t.p. as: In the Savoy.
500   $aVol. 1: 75, [1] p.; v. 2: [8], 164 p.
500   $a"In two parts: the first being a relation of what passed at the three examinations of the said Bishop by a committee of Lords of the Privy-Council, the second being an account of the two above-mentioned authors of the forgery."
500   $aVol. 2 has title: The second part of the Relation of the late wicked contrivance against the lives ... : being a farther account of the said forgery and of the two authors of it, Stephen Blackhead and Robert Young, aliàs Youngs, aliàs Brown, aliàs Hopkins, aliàs Hutt, aliàs Green, aliàs Jones, aliàs Smith, aliàs &c.
600 10$aSprat, Thomas,$d1635-1713.
600 10$aBlackhead, Stephen,$dactive 17th century.
600 10$aYoung, Robert,$d1657-1700.
650  0$aLancashire Plot, 1689-1694$xControversial literature.
650  0$aLancashire Plot, 1689-1694.
988   $a20020608
906   $0DLC

