LEADER 00961cam a2200277Ia 4500
001 004000925-4
005 20071015202607.0
008 820415s1961    nyua     c    000 0 eng d
035 0 $aocm08336702$zocm15929904
035 0 $aocm08336702
040   $aSMI$cSMI$dOCL$dHTV$dMH-FA
043   $ae-fr---
100 1 $aRoethlisberger, Marcel,$d1929-
245 10$aAnimal studies from nature by Claude Lorrain :$b[exhibition] /$ccatalogue by Marcel Rothlisberger.
260   $aNew York, N.Y. :$bSeiferheld,$c[1961]
300   $a[20] p. :$bchiefly ill. ;$c22 cm.
500   $aCatalog of an exhibition held Sept. 12-Oct. 14, 1961.
500   $a"No. 3."
600 10$aLorrain, Claude,$d1600-1682$vExhibitions.
650  0$aDrawing$y17th century$zFrance$vExhibitions.
650  0$aDrawing, French$vExhibitions.
650  0$aAnimals in art.
710 2 $aHelene C. Seiferheld Gallery.
700 1 $aLorrain, Claude,$d1600-1682.
988   $a20020608
906   $0OCLC

