LEADER 00888nam a2200241I  4500
001 004000926-2
005 20020606095253.2
008 820415s1930    enkefh        001 0 eng  
010   $a   31005058 
035 0 $aocm08338167
040   $aDLC$cCUS$dHLS
043   $ae-uk-en
050 0 $aDA690.R6$bB4
082   $a942.23
100 1 $aBecker, M. Janet.
245 10$aRochester Bridge: 1387-1856;$ba history of its early years,$ccompiled from the wardens' accounts by M. Janet Becker, with a foreword by S. C. Ratcliff.
260   $aLondon,$bConstable & Co. Ltd.,$c1930.
300   $axv, 122 p., 1 ℓ.$bfront., plates, plan, facsim.$c23 cm.
500   $aThe facsimile is accompanied by leaf, with descriptive letterpress, not included in the collation.
650  0$aRochester Bridge (Rochester, Kent)
651  0$aRochester (Kent, England)$xHistory.
988   $a20020608
906   $0DLC

