LEADER 00918nam a2200241Ia 4500
001 004000927-0
005 20020606095253.2
008 820415s1897    enkd     b    001 0 eng d
035 0 $aocm08338744
040   $aIAI$cIAI$dHLS
043   $ae-uk-en
050  4$aS455$b.B38
090   $aS455$b.B38
100 1 $aBedford, Herbrand Arthur Russell,$cDuke of,$d1858-1940.
245 12$aA great agricultural estate :$bbeing the story of the origin and administration of Woburn and Thorney /$cby the Duke of Bedford.
260   $aLondon :$bJ. Murray,$c1897.
300   $a254 p. :$bcharts ;$c20 cm.
504   $aIncludes bibliographical references and index.
650  0$aAgriculture$zEngland$xHistory.
655  7$aHistory.$2fast
776 08$iOnline version:$aBedford, Herbrand Arthur Russell, Duke of, 1858-1940.$tGreat agricultural estate.$dLondon : J. Murray, 1897$w(OCoLC)894101374
988   $a20020608
906   $0OCLC

