LEADER 01471cas a2200385 a 4500
001 004000928-9
005 20020606095253.2
008 820420d19621962paumr1p       0   a0eng d
010   $asn 87021777 
016 7 $aA25655000$2DNLM
022 0 $a0517-4465
035 0 $aocm08355135
040   $aMCL$cMCL$dSER$dIUL$dNST$dNSD$dHMS
042   $alcd$ansdp
060 0 $aW1 AM716
082 10$a616$212
090   $aR11$b.A45
130 0 $aAmerican practitioner (Philadelphia, Pa. : 1962)
210 0 $aAm. pract.$b(Phila. Pa., 1962)
222  0$aAmerican practitioner$b(Philadelphia, Pa. 1962)
245 00$aAmerican practitioner.
260   $aPhiladelphia :$bLippincott,$c1962.
300   $a1 v. :$bill. ;$c28 cm.
310   $aMonthly
362 0 $aVol. 13, no. 1 (Jan. 1962)-v. 13, no. 9 (Sept. 1962).
500   $aTitle from cover.
580   $aMerged with: Archives of pediatrics, ISSN 0096-6630; and: Quarterly review of pediatrics, ISSN 0097-0107; to form: Clinical pediatrics, ISSN 0009-9228.
650  0$aMedicine$vPeriodicals.
650  2$aMedicine$xperiodicals
780 00$tAmerican practitioner and digest of treatment$w(DLC)sn 83005760$w(OCoLC)3680965
785 17$tArchives of pediatrics$x0096-6630$w(DLC)ca 06001237$w(OCoLC)1513890
785 17$tQuarterly review of pediatrics$x0097-0107$wDLC)sc 79003637$w(OCoLC)1714970
785 17$tClinical pediatrics$x0009-9228$w(DLC) 68003710$w(OCoLC)879341
988   $a20020608
906   $0OCLC

