LEADER 00776nam a2200241I  4500
001 004000930-0
005 20071015202608.0
008 820429s1910    fr            000 0 fre  
010   $a   10027877 
035 0 $aocm08381468
040   $aDLC$cFHC$dHTV
050 0 $aGN451$b.L5
050 0 $aGN451$b.L5 1910
100 1 $aLévy-Bruhl, Lucien,$d1857-1939.
245 14$aLes fonctions mentales dans les sociétés inférieures,$cpar L. Lévy-Bruhl.
260   $aParis,$bF. Alcan,$c1910.
300   $a2 p. l., 461, [1] p.$c23 cm.
490 0 $aTravaux de l'Année sociologique
500   $aOn cover: Bibliothèque de philosophie contemporaine. Travaux de l'Année sociologique.
650  0$aPrimitive societies.
650  2$aMental Processes.
988   $a20020608
906   $0DLC

