LEADER 00715nam a2200217I  4500
001 004000931-9
005 20020606095253.2
008 820524s1919    enkcbf   b    000 0 eng  
010   $a   19004995 
035 0 $aocm08457104
040   $aDLC$cBXM$dHLS
043   $ae-it---
050 0 $aDG551$b.B3
100 1 $aBayley, Mary Clive.
245 14$aThe making of modern Italy,$cby Mary Clive Bayley, with seven illustrations and a map.
260   $aLondon,$aNew York [etc.]$bCassell and company, ltd.,$c1919.
300   $ax p., 1 l., 283, [1] p.$bfront., pl., ports., maps (1 fold.)$c21 cm.
504   $a"Chief authorities consulted": p. [viii]
651  0$aItaly$xHistory$y1815-1870.
988   $a20020608
906   $0DLC

