LEADER 01211nam a2200349I  4500
001 004000932-7
005 20020606095253.2
008 820526s1662    ne            000 0 lat  
010   $a   28021846 
035 0 $aocm08463836
040   $aDLC$cWAU$dWAU$dHVL
050  4$aDG88$b.P47 1662
090   $aDG88$b.P47 1662
100 1 $aPérez, Antonio,$d1583-1673.
245 00$aAntoni Perezi ... Institutiones imperiales, :$berotematibus distinctae, atque ex ipsis principiis regulisque iuris, passim insertis explicatae.
246 3 $aInstitutiones imperiales erotematibus distinctae
246 30$aInstitutiones imperiales
250   $aEditio nona.
260   $aAmstelodami :$bApud Ludovicum & Danielem Elzevirios,$c1662.
300   $a[16], 520, [4] p. ;$c14 cm. (12mo)
500   $aPublisher's device on t.-p.
500   $aAdded t.-p. engraved.
500   $aIn form of questions and answers.
650  0$aRoman law$vEarly works to 1800.
650  0$aCivil law$vEarly works to 1800.
650  0$aRoman law.
650  0$aCivil law.
700 1 $aElzevir, Louis,$d1604-1670.
700 1 $aElzevir, Daniel,$d1626-1680.
752   $aNetherlands$dAmsterdam.
988   $a20020608
906   $0DLC

