LEADER 00881nam a2200193Ia 4500
001 004000933-5
005 20020606095253.2
008 820602s1722    gw            000 0 ger d
035 0 $aocm08484517
040   $aITC$cITC$dHVL
090   $aBV759$b.P46
100 1 $aPfaff, Christoph Matthäus,$d1686-1760.
245 10$aChristoph Matthäi Pfaffens, ... Tractat von dem Ursprunge des Kirchen-Rechts und dessen wahren Beschaffenheit :$bwelchem beygefüget ist eine Abhandlung von der Bischöfflichen Nachfolge. Wegen seiner Fürtrefflichkeit aus dem Lateinischen ins Deutsche übersetzet.
246 3 $aTractat von dem Ursprunge des Kirchen-Rechts und dessen wahren Beschaffenheit.
260   $aFranckfurth und$aLeipzig :$bZu haben bey Ernst Gottlieb Krugen,$c1722.
300   $a[xvi], 439, [1] p. ;$c18 cm. (8vo)
650  0$aEcclesiastical law$zGermany.
988   $a20020608
906   $0OCLC

