LEADER 00741nam a2200193Ia 4500
001 004000934-3
005 20020606095253.2
008 820602s1742    gw            000 0 ger d
035 0 $aocm08484562
040   $aITC$cITC$dHVL
090   $aBV764.G4$bP46
100 1 $aPfaff, Christoph Matthäus,$d1686-1760.
245 10$aChristoph Matthäi Pfaffen/ ... Academische Reden über das so wohl allgemeine als auch teutsche protestantische Kirchen-Recht.
246 3 $aAcademische Reden über das so wohl allgemeine als auch teutsche protestantische Kirchen-Recht.
260   $aTubingen :$bIn Verlag der Sigmundischen Wittib,$c1742.
300   $a[viii], 552 p. ;$c21 cm. (4to)
650  0$aEcclesiastical law$zGermany.
988   $a20020608
906   $0OCLC

