LEADER 00846nam a2200205I  4500
001 004000935-1
005 20020606095253.2
008 820603s1834    cs            000 0bger d
035 0 $aocm08486620
040   $aTJC$cTJC$dHLS
050  4$aBM755.M6$bB4
090   $aBM755.M6$bB4
100 1 $aBeer, Peter,$d1758-1838.
245 00$aLeben und Wirken des Rabbi Moses ben Maimon gewönlich RAMBAM auch Miamonides genannt.$cNebst einem Probebogen von Peter Beer.
260   $aPrag,$bGedruckt in der Sommerschen Buchdruckerei,$c1834.
300   $a94 p.$c21 cm.
600 10$aMaimonides, Moses,$d1135-1204.
776 08$iOnline version:$aBeer, Peter, 1758-1838.$tLeben und Wirken des Rabbi Moses ben Maimon gewönlich RAMBAM auch Miamonides genannt.$dPrag, Gedruckt in der Sommerschen Buchdruckerei, 1834$w(OCoLC)894671703
988   $a20020608
906   $0OCLC

