LEADER 00837nam a2200265 a 4500
001 004000937-8
005 20020606095253.2
008 910813s1957    at            000 0 eng d
010   $a   91182805 
035 0 $aocm08523049
040   $aHU$cDLC$dHLS
042   $alccopycat
050 04$aPR6003.E25$bH86 1957
100 1 $aBeard, William.
245 10$aHumane conquistador, or, The early days of Captain James Cook and his epic adventures in the "Endeavour" /$cby William Beard.
246 3 $aHumane conquistador.
246 3 $aEarly days of Captain James Cook and his epic adventures in the "Endeavour".
260   $a[Sydney? :$bs.n.,$c1957?]
300   $a59 p. ;$c25 cm.
500   $aCover title.
500   $aIn verse.
600 10$aCook, James,$d1728-1779$vPoetry.
655  7$aPoetry.$2fast
988   $a20020608
906   $0MH

