LEADER 00690cam a2200205Ia 4500
001 004000938-6
005 20020606095253.2
008 820623s1848    mau           001 0 eng  
010   $a   06013734 
035 0 $aocm08543335
040   $aDLC$cSER$dWIH$dHLS
050 0 $aF74.W9$bB3
100 1 $aBarton, W. S.$q(William Sumner),$d1824-1899.
245 10$aEpitaphs from the cemetery on Worcester Common :$bwith occasional notes, references, and an index /$cby W.S. Barton.
260   $aWorcester :$bPrinted by H.J. Howland,$c[1848]
300   $a36 p. ;$c23 cm.
650  0$aEpitaphs$zMassachusetts$zWorcester.
650  0$aCemeteries$zMassachusetts$zWorcester.
988   $a20020608
906   $0DLC

