LEADER 00916nam a2200229Ia 4500
001 004000939-4
005 20020606095253.2
008 820628s1914    gw            000 0 ger d
035 0 $aocm08558098
040   $aUIU$cUIU$dHLS
100 1 $aBecker, Oskar,$d1889-1964.
245 10$aÜber die Zerlegung eines Polygons in exklusive Dreiecke :$bauf Grund der ebenen Axiome der Verknüpfung und Anordnung /$cvon Oskar Becker.
260   $aLeipzig :$bF. A. Brockhaus,$c1914.
300   $a71 p. :$bdiagrs. ;$c23 cm.
500   $aLebenslauf.
502   $aInaug.-diss.--Universität Leipzig.
504   $a"Verzeichnis der benutzten Literatur": p. 8-10.
650  0$aTopology.
710 2 $aUniversität Leipzig (1409-1953)
776 08$iOnline version:$aBecker, Oskar, 1889-1964.$tÜber die Zerlegung eines Polygons in exklusive Dreiecke.$dLeipzig : F.A. Brockhaus, 1914$w(OCoLC)789248676
988   $a20020608
906   $0OCLC

