LEADER 01119cam a2200265Ia 4500
001 004000940-8
005 20020606095253.2
008 820810s1893    pau           000 0 eng  
010   $a   45052065 
035 0 $aocm08676491
040   $aDLC$cGUB$dWIH$dHLS
043   $an-us---$an-us-pa
050 0 $aE286$b.P54 1893
100 1 $aBeck, James M.$q(James Montgomery),$d1861-1936.
245 10$a"Ground arms!" :$ban oration delivered at the celebration of the one hundred and seventeenth anniversary of the Declaration of Independence /$cby James M. Beck.
260   $aPhiladelphia :$bPress of Allen, Lane & Scott,$c1893.
300   $a22 p. ;$c22 cm.
610 10$aUnited States.$tDeclaration of Independence.
650  0$aFourth of July orations.
650  0$aFourth of July celebrations$zPennsylvania$zPhiladelphia.
655  7$aFourth of July addresses$y1893.$2rbgenr
710 1 $aPhiladelphia (Pa.).$bCouncils.
776 08$iOnline version:$aBeck, James M. (James Montgomery), 1861-1936.$t"Ground arms!".$dPhiladelphia : Press of Allen, Lane & Scott, 1893$w(OCoLC)659499128
988   $a20020608
906   $0DLC

