LEADER 00774nam a2200217Ia 4500
001 004000941-6
005 20020606095253.2
008 820811s1842    nyua          000 0 eng d
035 0 $aocm08679391
040   $aDLM$cDLM$dHLS
050  4$aPR4079.B46$bN4 1847b
090   $aPR4079.B46$bN4 1847b
100 1 $aBayley, F. W. N.$q(Frederic William Naylor),$d1808-1853.
245 14$aThe new Tale of a tub :$ban adventure in verse /$cby F.W.N. Bayley ; with illustrations after designs by Lieutenant J.S. Cotton ; engraved on wood by J.J. Butler.
260   $aNew York :$bWiley & Putnam,$c1842.
300   $a[4], 36, [1] p. :$b6 mounted ill. ;$c23.5 cm.
500   $aTitle vignette.
650  0$aChildren's poetry.
700 1 $aCotton, John S.
988   $a20020608
906   $0OCLC

