LEADER 00737nam a2200217Ia 4500
001 004000942-4
005 20020606095253.2
008 820816s1889    gw       b    000 0 ger  
010   $a   10018480 
035 0 $aocm08692702
040   $aDLC$cEMT$dEMT$dHLS
050 0 $aLB628$b.B3
100 1 $aBauer, Wilhelm,$cof Erfurt.
245 14$aDie psychologischen Grundanschauungen Pestalozzis /$cvon Wilhelm Bauer.
260   $aJena :$bFrommannsche Buchdruckerei (H. Pohle),$c1889.
300   $a47 p. ;$c23 cm.
500   $aOriginally presented as the author's thesis (doctoral)--Universität Jena, 1889.
504   $aIncludes bibliographical references.
600 10$aPestalozzi, Johann Heinrich,$d1746-1827.
988   $a20020608
906   $0DLC

