LEADER 00701nam a2200205Ia 4500
001 004000943-2
005 20020606095253.2
008 820827s1830    stk           000 0 eng d
035 0 $aocm08724435
040   $aGUB$cGUB$dHVL
043   $ae-uk-st
090   $aKDC188.P38$bP3
100 1 $aPaterson, David,$epursuer.
245 10$aReport of the case Paterson against Shaw for a libel$bby imputing to the pursuer false play at cards : tried at Edinburgh on the 7th June, 1830 : with an appendix of documents.
260   $aEdinburgh :$bW. Blackwood,$c1830.
300   $a88, ii, 77 p. ;$c22 cm.
650  0$aTrials (Libel)$zScotland.
700 1 $aShaw, Charles,$edefender.
988   $a20020608
906   $0OCLC

