LEADER 00648nam a22002051  4500
001 004000944-0
005 20020606095253.2
008 820806s1892    nyua          000 0 eng  
010   $a   06010267 /L/r82
035 0 $aocm08727472
035 0 $aocm08727472$zocm04643961
040   $aDLC$cDLC$dHLS
050 0 $aPS3503.E133$bM6 1892
082 0 $a813/.4$219
100 1 $aBeard, Daniel Carter,$d1850-1941.
245 10$aMoonblight and Six feet of romance,$cby Dan. Beard, with illustrations by the author ...
260   $aNew York,$bC.L. Webster and company,$c1892.
300   $a2 p.l., xi-xvi, 17-221 p.$billus.$c21 cm.
988   $a20020608
906   $0DLC

