LEADER 01115cam a2200241I  4500
001 004000945-9
005 20020606095253.2
008 820910r1776    mau           000 0 eng  
010   $a   08034751 
035 0 $aocm08759429
040   $aDLC$cFHM$dFHM$dHVL
043   $an-us---$ae-uk---
050 0 $aE211$b.P9622
100 1 $aPrice, Richard,$d1723-1791.
245 10$aObservations on the nature of civil liberty, the principles of government, and the justice and policy of the war with America.$bTo which is added an appendix, containing a state of the national debt, and estimate of the money drawn from the public by the taxes, and an account of the national income and expenditure since the last war /$cBy Richard Price. London, printed 1776.
260   $aBoston :$bRe-printed and sold by T. and J. Fleet$c[1776]
300   $a71 p. ;$c20 cm.
650  0$aFinance$zGreat Britain$xHistory.
651  0$aUnited States$xPolitics and government$y1775-1783.
651  0$aUnited States$xHistory$yRevolution, 1775-1783$xCauses.
752   $aUnited States$bMassachusetts$dBoston.
988   $a20020608
906   $0DLC

