LEADER 00923cam a22002291  4500
001 004000947-5
005 20020606095253.2
008 820831s1506    gw            000 0 lat  
010   $a   45031130 //r852
035 0 $aocm08805274
040   $aDLC$cDLC$dHVL
100 0 $aAdam Coloniensis,$d-1408.
245 00$aSummula clarissimi iurisconsultissimique viri Raymūdi demū reuisa ac castigatissime correcta,$bbreuissimo cōpendio sacramentorum altissima cōplectens mysteria.
246 3 $aSummula Raymundi.
260   $a[Colonie,$bApud Quentel,$c1506]
300   $acxlviij l.$c21 cm.
500   $aAn epitome in verse of Raymundus de Pennaforte's Summa de poenitentia et matrimonio. With commentary and interlinear glosses.
500   $aEdited by Waltherus Tangherius.
650  0$aCanon law.
700 0 $aRaymond,$cof Peñafort, Saint,$d1175?-1275.$tSumma de poenitentia et matrimonio.
988   $a20020608
906   $0DLC

