LEADER 00824nam a2200253I  4500
001 004000948-3
005 20130501143806.0
008 820928s1964    fr a          000 0 fre  
010   $a   66052879 
035 0 $aocm08812545
040   $aDLC$cZIH$dHLS
090   $aHQ76$b.B42
100 1 $aBecker, Raymond de,$d1916-
245 12$aL'erotisme d'en face.
260   $aParis,$bJ. J. Pauvert,$c1964.
300   $a252 p.$billus.$c18 cm.
490 0 $aBibliothèque internationale d'érotologie,$vno. 12
500   $aA duplicate copy of this title was part of the Julio Mario Santo Domingo Collection, but was not retained.
504   $aBibliographical footnotes.
650  0$aHomosexuality.
710 2 $aJulio Mario Santo Domingo Collection.$5wid
700 1 $aKaplan, Philip Provenance.
988   $a20020608
906   $0DLC

