LEADER 00805nam a2200253I  4500
001 004000950-5
005 20020606095253.2
008 821002s1969    quc           000 0 fre  
010   $a   74430692 
015   $aC69-3053
020   $c6.50
035 0 $aocm08825784
040   $aDLC$cSOI$dHLS
043   $an-cn-qu
050 0 $aHC117.Q4$bB4
100 1 $aBédard, Roger J.$ecomp.
245 12$aL'essor économique du Québec$c[par] Roger-J. Bédard.
260   $aMontréal,$bLibrairie Beauchemin$c[1969]
300   $a524 p.$c21 cm.
504   $aBibliography: p. [519]-520.
651  0$aQuébec (Province)$xEconomic conditions.
776 08$iOnline version:$aBédard, Roger J.$tEssor économique du Québec.$dMontréal, Librairie Beauchemin [1969]$w(OCoLC)559067532
988   $a20020608
906   $0DLC

