LEADER 00656nam a2200205I  4500
001 004000951-3
005 20020606095253.2
008 821009s1859    fr af         000 0 fre d
035 0 $aocm08847643
040   $aSMI$cSMI$dHLS
050  4$aTH145$b.B28
090   $aTH145$b.B28
100 1 $aBataille, Athanase.
245 00$aNouveau manuel complet de la construction moderne;$bou traité de l'art de batir avec solidité, économie et durée.
260   $aParis,$bLibrairie encyclopédique de Roret,$c1859.
300   $a426 p.$billus.$c15 cm.$eand atlas of 44 plates. 27 cm.
440  0$aManuels-Roret
650  0$aBuilding.
988   $a20020608
906   $0OCLC

