LEADER 00658nam a2200205Ia 4500
001 004000952-1
005 20020606095253.2
008 821012s1715    ne       d    000 0 fre d
035 0 $aocm08853601
040   $aVTU$cVTU$dHLS
100 1 $aBayle, Pierre,$d1647-1706.
245 10$aDictionaire historique et critique /$cpar Monsieur Bayle.
250   $a3 éd., a laquelle on a ajoûté la vie de l'auteur, & mis ses additions & corrections à leur place.
260   $aRotterdam :$b[s.n.],$c1715.
300   $a3 v. ;$c39 cm.
500   $aTitle vignette.
650  0$aBiography$vDictionaries.
650  0$aHistory$vDictionaries.
988   $a20020608
906   $0OCLC

