LEADER 00892cam a2200241I  4500
001 004000953-X
005 20020606095253.2
008 821014s1963    enk           000 0 eng  
010   $a   67006314 
015   $aGB64-14748
035 0 $aocm08861450
040   $aDLC$cSOI$dOCL$dUKM$dHLS
043   $ad------
050 0 $aHC59.7$b.B37
100 1 $aBauer, P. T.$q(Péter Tamás)
245 14$aThe study of underdeveloped economics /$can inaugural lecture by P. T. Bauer.
260   $aLondon :$bLondon School of Economics and Political Science,$c1963.
300   $a30 p.$c19 cm.
651  0$aDeveloping countries.
710 2 $aLondon School of Economics and Political Science.
776 08$iOnline version:$aBauer, P.T. (Péter Tamás).$tStudy of underdeveloped economics.$d[London] London School of Economics and Political Science, 1963$w(OCoLC)583953203
988   $a20020608
906   $0DLC

