LEADER 00762cam a2200205Ia 4500
001 004000954-8
005 20020606095253.2
008 821117s1869    nyubf         000 0 eng d
035 0 $aocm08964470
040   $aMDY$cMDY$dOCL$dHLS
043   $an-us-vt
090   $aG1228.R9$bB4 1869b
100 1 $aBeers, F. W.$q(Frederick W.)
245 10$aAtlas of Rutland Co., Vermont. :$bfrom actual surveys /$cby and under the direction of F.W. Beers, assisted by F.S. Fulmer & others.
260   $aNew York :$bF.W. Beers, A.D. Ellis & G.G. Soule,$c1869.
300   $a37 leaves (1 folded), [4] leaves of plates :$bchiefly col. maps ;$c41 cm.
650  0$aReal property$zVermont$zRutland County$xMaps.
651  0$aRutland County (Vt.)$xMaps.
988   $a20020608
906   $0OCLC

