LEADER 00531nam a2200181Ia 4500
001 004000955-6
005 20020606095253.2
008 821124s1952    gw a          000 0 ger d
035 0 $aocm08988299
040   $aUIU$cUIU$dHLS
100 1 $aBecker, Oskar,$d1889-
245 10$aUntersuchungen über den Modalkalkül /$cvon Oskar Becker.
260   $aMeisenheim/Glan :$bA. Hain,$c1952.
300   $a87 p. :$bill. ;$c23 cm.
650  0$aLogic, Symbolic and mathematical.
650  0$aMathematics$xPhilosophy.
988   $a20020608
906   $0OCLC

