LEADER 00835cam a22002531  4500
001 004000956-4
005 20020606095253.2
008 751006s1947    nyuab    b    001 0 eng  
010   $a   47030951 //r86
035 0 $aocm08991172
035 0 $aocm08991172$zocm01450318
040   $aDLC$cCMC$dOCL$dJPL$dSER$dHLS
043   $an-us---
050 0 $aHE2751$b.B43
082   $a385
100 1 $aBeebe, Lucius Morris,$d1902-1966.
245 10$aMixed train daily, a book of short-line railroads;$cwith photographs by C. M. Clegg, Jr., and the author and six original oil paintings by Howard Fogg.
250   $a1st ed.
260   $aNew York,$bDutton,$c1947.
300   $axiii, 367 p.$billus. (some col.), maps.$c29 cm.
504   $aBibliography: p. 350.
650  0$aRailroads$zUnited States$xHistory.
988   $a20020608
906   $0DLC

