LEADER 00766cam a22002411  4500
001 004000957-2
005 20020606095253.2
008 780301s1959    fr a     b    000 0 fre  
010   $a   60028916 /L/r873
035 0 $aocm08991922
035 0 $aocm08991922$zocm03662691
040   $aDLC$cYUS$dHLS
043   $an-us---
050 0 $aPN1998.A2$bB4
100 1 $aBecker, Raymond de,$d1916-
245 10$aDe Tom Mix à James Dean;$bou, Le mythe de l'homme dans le cinéma américain.
246 3 $aMythe de l'homme dans le cinéma américain.
260   $aParis,$bA. Fayard$c[1959]
300   $a280 p.$billus.$c20 cm.
504   $aIncludes bibliographies.
650  0$aMotion picture actors and actresses$zUnited States$xBiography.
988   $a20020608
906   $0DLC

