LEADER 00761nam a2200253Ia 4500
001 004000958-0
005 20020606095253.2
008 821130s1895    mauab         000 0 eng d
035 0 $aocm09000904
040   $aVLW$cVLW$dHLS
043   $an-us-nc
050  4$aF229$b.B29
090   $aF229$b.B29
100 1 $aBaxter, James Phinney,$d1831-1921.
245 10$aRaleigh's lost colony /$cby James Phinney Baxter.
260   $c[1895].
300   $app. 565-588.
500   $aI̲Ṉ The New England Magazine. -- (January, 1895).
600 10$aRaleigh, Walter,$cSir,$d1552?-1618.
651  0$aRoanoke Colony$y1584-1590.
651  0$aRoanoke Island (N.C.)$xHistory.
600 10$aRaleigh, Walter,$cSir,$dapproximately 1552-1618.
988   $a20020608
906   $0OCLC

