LEADER 00777nam a2200253K  4500
001 004000960-2
005 20070901105656.0
008 821203s1940    fr f     b    000 0 fre d
010   $a   42003441 //r45
035 0 $aocm09016234$zocm23392650
035 0 $aocm09016234
040   $aBOS$cBOS$dEYM$dHTV
082   $a709.32
100 1 $aShafik, Doria Ragai.
245 12$aL'art pour l'art dans l'Égypte antique ...
260   $aParis,$bP. Geuthner,$c1940.
300   $axx, 195 p., 1 ℓ.$bmounted col. front., 94 pl. on 47 ℓ.$c28 x 23 cm.
500   $aAt head of title: Doria Ragai (Shafik)
502   $aThèse--Univ. de Paris.
504   $a"Bibliographie": p. [186]-190.
650  0$aArt, Egyptian.
651  0$aEgypt$xAntiquities.
988   $a20020608
906   $0OCLC

