LEADER 00672cam a2200229I  4500
001 004000961-0
005 20070901105656.0
008 821214s1939    gw af    b    000 0 ger  
010   $a   42014644 
035 0 $aocm09054153
040   $aDLC$cBOS$dCLU$dHTV
050 0 $aND623.C42$bB6
050 0 $aND623.C42$bB6 1939
100 1 $aBodmer, Heinrich,$d1885-1950.
245 00$aLodovico Carracci.
260   $aBurg b.M.,$bA. Hopfer,$c[1939]
300   $aix, 175 p.$billus., 136 pl. on 68 ℓ.$c26 cm.
490 0 $aBeiträge zur Kunstgeschichte,$vBd. 6
504   $a"Bibliographie": p. 168-172.
600 10$aCarracci, Lodovico,$d1555-1619.
988   $a20020608
906   $0DLC

