LEADER 02982cas a2200565   4500
001 004000962-9
005 20080314153756.0
008 750901d18321974ctuzn p       0   a1eng d
010   $a   16018189 
022   $a0033-8915$21
030   $aRLCAA4
035 0 $aocn786340934
035 0 $aocm01588202
040   $aMUL$cMUL$dNSD$dIUL$dNSD$dDLC$dOCLCQ$dNYP$dHUL
042   $ansdp$alcd$apremarc
050 00$aTF1$b.A3
210 0 $aRailw. locomot. cars
222  0$aRailway locomotives and cars
245 00$aRailway locomotives and cars.
247 10$aAmerican rail-road journal$f1832 (note: this title version existed from Jan. 2-Aug. 25, 1832, v.1, no. 1-v.1, no. 35)
247 10$aAmerican railroad journal$f1832-86
247 10$aRailroad and engineering journal$f1887-92
247 10$aAmerican engineer and railroad journal$f1893-1911
247 10$aAmerican engineer$f1912-May 1913
247 10$aRailway age gazette. Mechanical edition$fJune 1913-Dec. 1915
247 10$aRailway mechanical engineer$f1916-49
247 10$aRailway mechanical and electrical engineer$f1950-52
260   $a[Bristol, Conn., etc.,$bSimmons-Boardman Pub. Corp.]
300   $av.$bill., maps$c23-31 cm.
310   $aFrequency varies
362 0 $av. 1- Jan. 2, 1832-
362 1 $aCeased with v. 148 (Dec. 1974/Jan. 1975).
510 0 $aChemical abstracts$x0009-2258
530   $aAlso available on microform.
515   $aPublication suspended Jan.-June 1838.
515   $aIssues for July 1, 1838-Dec. 1886 also called whole no. 313-2583 (July 1, 1838-Feb. 1843 also called new ser., v. 1-10, no. 2; Mar. 1843-Dec. 1844 also called 3d ser., v. 1, no. 3-2, no. 12; Jan. 2, 1845-Mar. 31, 1883 also called 2d quarto ser., v. 1-39, no. 13); 1887- also called new ser., v. 1-
515   $aVol. 25, no. 1-2 incorrectly numbered v. 24, no. 1-2.
580   $aAbsorbed Mechanics' magazine in July 1838; Van Nostrand's engineering magazine in Jan. 1887; National car and locomotive builder in Jan. 1896; Railway master mechanic, ISSN 0098-1591,in Sept. 1916; Boiler maker and plate fabricator, ISSN 0096-3550,in July 1937; Railway electrical engineer, ISSN 0098-1583, in Jan. 1943.
650  0$aRailroad engineering$vPeriodicals.
780 15$tMechanics' magazine$gJuly 1838$w(OCoLC)12678871
780 15$tVan Nostrand's engineering magazine$gJan. 1887$w(DLC)sn 87027600$w(OCoLC)10266159
780 15$tNational car and locomotive builder$gJan. 1896$w(DLC)sn 97042541$w(OCoLC)34242213
780 15$tRailway master mechanic$gSept. 1916$x0098-1591$w(DLC)sc 78001451$w(OCoLC)1397376
780 15$tBoiler maker and plate fabricator$gJuly 1937$x0096-3550$w(DLC)   43045794$w(OCoLC)2719733
780 15$tRailway electrical engineer$gJan. 1943$x0098-1583$w(DLC)   48042497$w(OCoLC)1397426
785 00$tRailway age
776 1 $tRailway locomotives and cars
830  0$aDevelopment of American capitalism.$pRailroads.$5net
988   $a20020608
906   $0OCLC

