LEADER 00715nam a2200217Ii 4500
001 004000963-7
005 20020606095253.2
008 830105s1834    gw       b    000 0 pol  
010   $a   13005845 
035 0 $aocm09102760
040   $aDLC$cBOL$dHVL
090   $aK26$b.M698.2 1845
100 1 $aMohl, Robert von,$d1799-1875.
245 10$aSystem der Präventiv-Justiz oder Rechts-Polizei /$cvon Robert von Mohl.
246 3 $aPråventiv-justiz, System der.
260   $aTübingen :$bH. Laupp,$c1832.
300   $avii, 586 p. ;$c21 cm.
500   $aForms v.3 of author's Die polizeiwissenschaft nach den grundsätzen des rechsstaates.
504   $a"Literarische notizen": p.57-65.
988   $a20020608
906   $0DLC

