LEADER 00689nam a2200241I  4500
001 004000964-5
005 20020606095253.2
008 830110m19619999at            000 0 eng d
035 0 $aocm09115120
040   $aDLM$cDLM$dHLS
050  4$aPR9619.3$b.B37 1961
090   $aPR9619.3$b.B37 1961
100 1 $aBaylebridge, William,$d1887-1942.
245 00$aCollected works.$cEdited by P. R. Stephenson.
246 3 $aThis vital flesh.
250   $aMemorial edition.
260   $aSydney,$bAngus & Robertson,$c1961-
300   $av.$c21 cm.
505 1 $av.1. This vital flesh.
700 1 $aStephenson, P. R.,$eed.
700 1 $aStephenson, P. R.,$eeditor.
988   $a20020608
906   $0OCLC

