LEADER 00732nam a2200217Ia 4500
001 004000965-3
005 20070618204934.0
008 830118s1872    fr            000 0 fre  
010   $a   16011576 
035 0 $aocm09138329
040   $aDLC$cVLW$dHLS
050   $aDF228.A8$bB4
100 1 $aBecq de Fouquières, L.$q(Louis),$d1831-1887.
245 10$aAspaise de Milet :$betude historique et morale.
260   $aParis :$bDidier,$c1872.
300   $a2 p. ℓ., viii, 366 p. ;$c19 cm.
600 10$aBecq de Fouquières, L.$q(Louis),$d1831-1887.
600 00$aAspasia.
776 08$iOnline version:$aBecq de Fouquières, L. (Louis), 1831-1887.$tAspaise de Milet.$dParis : Didier, 1872$w(OCoLC)904020007
988   $a20020608
906   $0DLC

