LEADER 00995cam a2200241Ia 4500
001 004000966-1
005 20090712174410.0
008 830201s1922    ilu           000 0 eng  
010   $a   24017106 
035 0 $aocm09178586
040   $aDLC$cSOI$dSOI$dWIH$dHLS
043   $an-us-il
050 0 $aE457.4$b.B26
100 1 $aBarton, William Eleazar,$d1861-1930.
245 10$aLincoln and Douglas in Charleston :$ban address /$cby William E. Barton.
260   $aCharleston, Ill. :$bThe Charleston Daily Courier,$c1922.
300   $a8 p. ;$c23 cm.
500   $a"Delivered at the sixty-fourth anniversary celebration, Charleston, Illinois, September 18, 1922."
650  0$aLincoln-Douglas Debates, Ill., 1858.
600 10$aLincoln, Abraham,$d1809-1865$xPolitical career before 1861.
776 08$iOnline version:$aBarton, William Eleazar, 1861-1930.$tLincoln and Douglas in Charleston.$dCharleston, Ill. : The Charleston Daily Courier, 1922$w(OCoLC)894822816
988   $a20020608
906   $0DLC

