LEADER 00884nam a2200241I  4500
001 004000967-X
005 20070901105656.0
008 830204s1924    enk           000 0 eng  
010   $a   25014387 
035 0 $aocm09191271
040   $aDLC$cBOS$dHTV
043   $af-ug---
050 0 $aDT434.U2$bR79
050 0 $aDT434.U2$bR79 1924
100 1 $aRoscoe, John,$d1861-1932.
245 10$aImmigrants and their influence in the lake region of Central Africa ...$cby John Roscoe ...
260   $aCambridge [Eng.]$bThe University press,$c1924.
300   $a31 p.$c20 cm.
440  4$aThe Frazer lecture in social anthropology,$v1923
650  0$aEthnology$zUganda.
776 08$iOnline version:$aRoscoe, John, 1861-1932.$tImmigrants and their influence in the lake region of Central Africa .$dCambridge [Eng.] University Press, 1924$w(OCoLC)630125932
988   $a20020608
906   $0DLC

