LEADER 00652nam a2200217Ii 4500
001 004000968-8
005 20020606095253.2
008 830214s1956    ph a          001 0 eng  
010   $a   57040929 /L
035 0 $aocm09219994
040   $aDLC$cOUN$dHLS
050 0 $aDS663$b.B3
082   $a919.14
100 1 $aBatacan, Delfin Flandez.
245 10$aLooking at ourselves ;$bA study of our peculiar social traits as a people /$cDelfin Fl. Batacan.
260   $aManila :$bPhilaw Publishing,$c1956.
300   $ax, 301 p. :$bill. ;$c22 cm.
500   $aIncludes index.
651  0$aPhilippines$xSocial life and customs.
988   $a20020608
906   $0DLC

