LEADER 00680nam a2200229I  4500
001 004000969-6
005 20020606095253.2
008 830215s1922    enk      b    001 0 eng d
010   $a   22021425 
035 0 $aocm09225718
040   $aBXM$cBXM$dHLS
043   $ae------
050   $aD359$b.B4
100 1 $aBeazely, Charles Raymond,$cSir,$d1868-1955.
245 10$aNineteenth century Europe and Britain,$cby C. Raymond Beazely.
260   $aLondon,$aGlasgow,$bCollins' cleartype press$c[1922]
300   $a344 p.$c19 cm
440  4$aThe Marlborough histories
504   $aBibliography: p. 321-329.
651  0$aEurope$xHistory$y1789-1900.
988   $a20020608
906   $0OCLC

