LEADER 00691nam a2200193Ia 4500
001 004000970-X
005 20020606095253.2
008 830301s1923    pau           000 0 eng d
035 0 $aocm09267143
040   $aWIH$cWIH$dHLS
100 1 $aBedford, Alfred Cotton,$d1864-1925.
245 14$aThe heritage of young America /$cby Alfred Cotton Bedford.
260   $a[Pittsburgh, Pa.] :$bUniversity of Pittsburgh,$c[1923?]
300   $a16 p. ;$c23 cm.
500   $aCover title.
500   $a"Address delivered at the annual Charter Day exercises of the University of Pittsburgh on February 25, 1923"--Cover.
610 20$aUniversity of Pittsburgh$xAnniversaries, etc.
988   $a20020608
906   $0OCLC

