LEADER 01234cam a2200277Ia 4500
001 004000971-8
005 00000000000000.0
008 830303s1687    enk           000 0 eng d
035 0 $aocm09275924
040   $aUMI$cUMI$dOCL$dHHG
090   $aBX1763$b.A47 1687
100 1 $aAltham, Michael,$d1633-1705.
245 10$aSome queries to Protestants answered :$bwith an explanation of the Roman Catholick's belief in four great points considered, I. concerning their Church, II. their worship, III. justification, IV. civil government.
250   $aThe second edition.
260   $aLondon : Printed by J.H. for Luke Meredith,$c1687.
300   $a[2], 41 [i.e. 39] p.
500   $a"Imprimatur Guil. Needham RRmo. in Christo P. ac D.D. Wilhelmo Archiepisc. Cantuar. a Sacr. Domest."
500   $aAttributed to Michael Altham--NUC pre-l956 and Wing.
500   $aPages 38-39 misnumbered 40-41.
510 4 $aWing$cA2935.
600 10$aWard, Thomas,$d1652-1708.$tSome queries to the Protestants concerning the English Reformation.
610 20$aCatholic Church$xControversial literature.
830  0$aEarly English books online.$5net
830  0$aEarly English books, 1641-1700 ;$v1299:8.$5mic
988   $a20020608
906   $0OCLC

