LEADER 00777nam a2200229I  4500
001 004000972-6
005 20020606095253.2
008 830307s1968    fr            000 0 fre d
010   $a   71408936 
035 0 $aocm09285790
040   $aSOI$cSOI$dm/c$dHLS
050   $aE851$b.B3
245 13$aLa Bataille de la Maison Blanche,$bde Johson à Nixon, 300 jours de sang et d'espoir.
260   $aParis,$bR. Laffont,$c1968.
300   $a333 p.$c22 cm.
490 0 $aDossiers AFP-Laffont
500   $aIllustrated cover.
500   $a"Recueil ... composé principalement de dépêches des correspondants et envoyés spéciaux de l'Agence France-Presse."
650  0$aPresidents$zUnited States$xElection$y1968.
710 2 $aAgence France-presse.
988   $a20020608
906   $0OCLC

