LEADER 00524nam a2200169Ia 4500
001 004000973-4
005 20020606095253.2
008 830315s1911    at            000 0 eng d
035 0 $aocm09312014
040   $aBUF$cBUF$dHLS
100 1 $aBedford, Ruth Marjory.
245 10$aSydney at sunset :$band other verses /$cRuth M. Bedford.
260   $aMelbourne :$bAustralasian Author's Agency,$c1911.
300   $a77, [3] p. ;$c19 cm.
500   $aPaperbound in gray-blue; printed in dark blue on covers.
988   $a20020608
906   $0OCLC

