LEADER 01169nam a2200289Ia 4500
001 004000974-2
005 20020606095253.2
008 830318s1687    enk           000 0 eng  
010   $a   12028861 
035 0 $aocm09321527
035 0 $aocm13219912
040   $aDLC$cEMT$dHVL
050 0 $aDA385$b.A5 no. 1
245 00$aReflections upon the new test, and the reply thereto with a letter of Sir Francis Walsingham's, concerning the penal laws made in the reign of Queen Elizabeth.
260   $aLondon :$b[s.n.],$cPrinted in the year 1687.
300   $a[2], 20 p. ;$c20 cm. (4to)
500   $aSignatures: A³, B-C⁴.
500   $a"Sir Fr. Walsingham's letter to Monsieur Critoy, concerning the Queens proceedings against both Papists and Puritans": p. 15-20.
510 4 $aWing$cR732.
510 3 $aMcAlpin,$cvol. 4, p. 258.
630 20$aA new test of the Church of England's loyalty.
650  0$aChurch and state$zGreat Britain.
651  0$aGreat Britain$xHistory$yElizabeth, 1558-1603$xPamphlets.
700 1 $aWalsingham, Francis,$cSir,$d1530?-1590.$tLetter to Monsieur Critoy.
752   $aGreat Britain$dLondon.
988   $a20020608
906   $0DLC

