LEADER 00693nam a2200241Ii 4500
001 004000975-0
005 20020606095253.2
008 830321s1967    be       b    000 0 fre  
010   $a   68120413 
035 0 $aocm09328243
040   $aDLC$cOUN$dHLS
050 0 $aDS557.C28$bB3
100 1 $aBaruch, Jacques.
245 13$aLa démocratie au Cambodge.
260   $aBruxelles :$bÉditions "Thanh-Long,"$c1967.
300   $a36 p. ;$c27 cm.
490 1 $aEtudes orientales ;$vno. 2
504   $aBibliography: p. 36.
651  0$aCambodia$xPolitics and government.
651  0$aCambodia$xHistory.
830  0$aEtudes orientales (Thanh-Long (Firm)) ;$vno. 2.
988   $a20020608
906   $0DLC

