LEADER 00799nam a2200205Ii 4500
001 004000976-9
005 20020606095253.2
008 830328s1941    fr a     b    000 1 fre d
035 0 $aocm09352691
040   $aZMM$cZMM$dZMM$dHLS
090   $aPQ1956$b.A7 1941
100 1 $aBeaumarchais, Pierre Augustin Caron de,$d1732-1799.
245 13$aLe mariage de Figaro :$bcomédie /$cBeaumarchais ; avec une notice historique et littéraire, des notes explicatives, des jugements, un questionnaire sur la piece et des sujets de devoirs, par Pierre Richard.
260   $aParis :$bLibrairie Larousse ;$aNew York :$bF.S. Crofts,$cc1941.
300   $a2 v. :$bill. ;$c18 cm.
490 0 $aClassiques Larousse
504   $aIncludes bibliography.
700 1 $aRichard, Pierre,$eed.
988   $a20020608
906   $0OCLC

