LEADER 00764nam a2200205Ia 4500
001 004000977-7
005 20090712174411.0
008 830330c18861876maucf         001 0beng d
035 0 $aocm09362709
040   $aTYC$cTYC$dHLS
090   $aE302.6.J7$bB3 1886
100 1 $aBeardsley, E. Edwards$q(Eben Edwards),$d1808-1891.
245 10$aLife and times of William Samuel Johnson :$bfirst senator in Congress from Connecticut, and president of Columbia College, New York /$cby E. Edwards Beardsley.
250   $a2nd ed., rev. and enl.
260   $aBoston :$bHoughton, Mifflin,$c1886, c1876.
300   $axii, 225 p., [1] leaf of plates :$bport. ;$c22 cm.
500   $aIncludes index.
600 10$aJohnson, William Samuel,$d1727-1819.
988   $a20020608
906   $0OCLC

