LEADER 00879cam a2200229Ia 4500
001 004000978-5
005 20020606095253.2
008 830331s1695    gw            000 0 lat d
035 0 $aocm09366596
040   $aEMT$cEMT$dHVL
100 1 $aMoller, Daniel Wilhelm,$d1642-1712,$epraeses.
245 10$aDisputatio de titulo Catholici /$cquam sub praesidio Dan. Guil. Molleri ... ; [respondens] Joh. Caspar. Schneider ... ; Altdorfi an. MDCXCV. d. 23. Febr. h.l.q.c.
260   $a[Altdorf?] :$bCattitero Meyeriano,$c[1695?]
300   $a19 [i.e. 24] p. ; 19 cm.
500   $aSignatures: A-C⁴; A3, C3 unsigned.
500   $aHeadpiece and initial.
502   $aThesis (doctoral)--Altdorf, 1695 (J.C. Schneider, respondent)
650  0$aCatholicus (The Latin word)
700 1 $aSchneider, Joh. Caspar,$erespondent.
752   $aGermany$dAltdorf?
988   $a20020608
906   $0OCLC

