LEADER 00726cam a2200217Ia 4500
001 004000979-3
005 20020606095253.2
008 830407s1920    ilu           000 0beng  
010   $a   20006178 
035 0 $aocm09382916
040   $aDLC$cTMS$dWIH$dm/c$dOCL$dHLS
043   $an-us---
050 0 $aE312.63$b.B29 1920
100 1 $aBarton, William Eleazar,$d1861-1930.
245 10$aGeorge Washington :$ban address delivered in the First Congregational Church of Oak Park, Illinois on Sunday, Feb. 22, 1920 /$cby William E. Barton.
260   $aOak Park, Ill. :$bAdvance Pub. Co.,$c1920.
300   $a[15] p. ;$c23 cm.
500   $aCover title.
600 10$aWashington, George,$d1732-1799.
988   $a20020608
906   $0DLC

