LEADER 00797nam a2200241Ia 4500
001 004000980-7
005 20020606095253.2
008 830413s1837    be       b    001 0 fre d
035 0 $aocm09406540
040   $aLLT$cLLT$dHVL
043   $ae-fr---$ae-be---
050  4$aKJJ0$b.R356 1837
090   $aKJJ0$b.R356 1837
100 1 $aRauter,
245 10$aTraité théorique et pratique du droit criminel :$bou cours de législation criminelle /$cpar m. Rauter.
250   $aÉd. augm. en Belgique de la législation et de la jurisprudence du royaume.
260   $aBruxelles :$bWahlen,$c1837.
300   $axxiv, 584 p. ;$c26 cm.
504   $aIncludes bibliographical references and index.
650  0$aCriminal law$zFrance.
650  0$aCriminal law$zBelgium.
988   $a20020608
906   $0OCLC

