LEADER 01039cam a2200241Ia 4500
001 004000981-5
005 20060606155611.0
008 830413s1931    mau      b    000 0 eng d
035 0 $aocm09406907
035 0 $aocm09406907$zocm00583649
040   $aBOS$cBOS$dKFP$dHLS
090   $aPS3535.O25$bZ992x
100 1 $aBeebe, Lucius Morris,$d1902-1966.
245 12$aA bibliography of the writings of Edwin Arlington Robinson /$cby Lucius Beebe & Robert J. Bulkley, Jr.
260   $aCambridge, Mass. :$bDunster House Bookshop,$c1931.
300   $a59 p. ;$c21 cm.
500   $a"Three hundred copies printed in U.S.A. Fifty copies on Arnold unbleached paper, two hundred and fifty copies on Utopian book paper printed from type which has been distributed."--T.p. verso.
500   $a"300 copies numbered I to L and 1 to 250."--Colophon.
600 10$aRobinson, Edwin Arlington,$d1869-1935$vBibliography.
700 1 $aBulkley, Robert Johns,$d1911-1962.
752   $aUnited States$bMassachusetts$dCambridge.
988   $a20020608
906   $0OCLC

