LEADER 00799nam a2200229Ia 4500
001 004000982-3
005 20020606095253.2
008 830415m18411847gw            000 0 ger d
035 0 $aocm09415067
040   $aSYB$cSYB$dm/c$dHVL
043   $ae------$aff-----$aaw-----
100 1 $aPuchta, Georg Friedrich,$d1798-1846.
245 10$aCursus der Institutionen /$cvon G.F. Puchta.
246 3 $aEinleitung in die Rechtswissenschaft und Geschichte des Rechts.
260   $aLeipzig :$bBreitkopf und Härtel,$c1841-1847.
300   $a3 v. ; 21 cm.
500   $aVol. 1 has added t. p.: Einleitung in die Rechtswissenschaft und Geschichte des Rechts bey dem römischen Volk.
650  0$aRoman law.
650  0$aRoman law$xHistory.
650  0$aCivil procedure$zRome.
988   $a20020608
906   $0OCLC

