LEADER 00759cam a2200193Ia 4500
001 004000983-1
005 20020606095253.2
008 830420s1849    po            000 0 por d
035 0 $aocm09429263
040   $aNDD$cNDD$dHVL
130 0 $aQue não é juris-consulto.
245 10$aReflexões as Observações sobre o artigo 630 da novissima reforma judiciaria /$cpor um que não é juris-consulto.
260   $aLisboa :$bTypographia de Antonio José da Rocha ...,$c1849.
300   $a13, [3] p. ;$c22 cm.
500   $aVerso of title page and p. [16] are blank.
600 10$aSeabra, Antonio Luis,$cvisconde de,$d1798-1895.$tObsevações sobre o artigo 630 da novissima reforma judiciaria.
650  0$aJudicial process$zPortugal.
988   $a20020608
906   $0OCLC

