LEADER 00805nam a2200241Ia 4500
001 004000984-X
005 20101214134342.0
008 830425s1981    cs af    b    000 0 eng d
035 0 $aocm09445797
040   $aUIU$cUIU$dHLS
043   $ae-gr---
100 1 $aBažant, Jan,$cPhDr.
245 10$aStudies on the use and decoration of Athenian vases /$cJan Bažant.
260   $aPraha :$bAcademia,$c1981.
300   $a44 p., [6] leaves of plates :$bill. ;$c24 cm.
440  0$aRozpravy Československé Akademie Věd.$pŘada společenských věd,$x0069-2301 ;$vRočník 91, sešit 3
504   $aBibliography: p. 39-42.
650  0$aVases, Greek$xThemes, motives.
650  0$aVases, Greek.
650  0$aPottery, Greek$xThemes, motives.
650  0$aPottery, Greek.
988   $a20020608
906   $0OCLC

