LEADER 00810nam a2200229Ia 4500
001 004000985-8
005 20020606095253.2
008 830502s1941    mauc     b    000 0 fre d
035 0 $aocm09469085
040   $aLHA$cLHA$dm/c$dHLS
050  4$aPQ1956$b.A63 1941
090   $aPQ1956$b.A63 1941
100 1 $aBeaumarchais, Pierre Augustin Caron de,$d1732-1799.
245 13$aLe barbier de Séville :$bcomédie en quatre actes /$cBeaumarchais ; edited with introd., notes, and vocabulary, by Frederick Hay Osgood.
260   $aBoston :$bGinn,$cc1941.
300   $axix, 161 p. :$bport. ;$c18 cm.
490 0 $aInternational modern language series
504   $a"References for further study": p. xix.
700 1 $aOsgood, Frederick Hay,$eed.
700 1 $aOsgood, Frederick Hay.
988   $a20020608
906   $0OCLC

