LEADER 01158nam a2200301I  4500
001 004000986-6
005 20020606095253.2
008 830505s1907    gw            000 0 ger d
035 0 $aocm09482414
040   $aSOI$cSOI$dm/c$dHLS
041 1 $ager$hlat
050  4$aPT1503.B3$bS3
100 1 $aBebel, Heinrich,$d1472-1518.
245 10$aSchwänke.$cZum ersten Male in vollständiger übertragung hrsg. von Albert Wesselski.
260   $aMünchen,$bG. Müller,$c1907.
300   $a2 v.
500   $aBased on the author's Facetiae, edition of 1514, to which are added the Proverbia germanica.
500   $a1000 exemplars printed; this is no. 432.
650  0$aWit and humor, Medieval.
650  0$aGerman wit and humor.
650  0$aLatin literature, Medieval and modern$xTranslations into German.
650  0$aProverbs, German.
650  0$aGerman literature$xTranslations from Latin.
700 1 $aWesselski, Albert,$d1871-1939,$eed.
700 1 $aWesselski, Albert,$d1871-1939,$eeditor.
776 08$iOnline version:$aBebel, Heinrich, 1472-1518.$tSchwänke.$dMünchen, G. Müller, 1907$w(OCoLC)619891950
988   $a20020608
906   $0OCLC

