LEADER 00828nam a2200241Ia 4500
001 004000987-4
005 20090712174411.0
008 830506s1875    nyub          000 0 eng d
035 0 $aocm09485860
040   $aVPI$cVPI$dm/c$dHLS
090   $aG1233.M5$bB43 1875
100 1 $aBeers, F. W.$q(Frederick W.)
245 10$aCounty atlas of Middlesex, Massachusetts /$cfrom actual surveys by and under the direction of F.W. Beers.
246 3 $aAtlas of Middlesex County, Mass.
255   $aScales vary.
260   $aNew York :$bJ.B. Beers & Co.,$c1875.
300   $a1 atlas (164 p.) :$bcol. maps (1 folded) ;$c41 cm.
500   $aCover title: Atlas of Middlesex County, Mass.
500   $a"Engraved by L.E. Neuman."
651  0$aMiddlesex County (Mass.)$vMaps.
700 1 $aNeumann, Louis E.
988   $a20020608
906   $0OCLC

