LEADER 00974nam a2200253I  4500
001 004000989-0
005 20020606095253.2
008 830519s1925    nyu           000 0 eng  
010   $a   27009436 
035 0 $aocm09527315
040   $aDLC$cBOS$dHLS
043   $an-us---
050 0 $aJK273$b.B35
100 1 $aBeck, James M.$q(James Montgomery),$d1861-1936.
245 14$aThe changed conception of the Constitution,$cby James M. Beck; the fourth lecture on the Cutler foundation of the University of Rochester, delivered March 20, 1925.
260   $a[Rochester,$cc1925]
300   $a64 p.$c19 cm.
440  4$a[The Cutler lectures,$v1925]
650  0$aConstitutions$zUnited States.
650  0$aConstitutional law$zUnited States.
610 10$aUnited States.$tConstitution.
776 08$iOnline version:$aBeck, James M. (James Montgomery), 1861-1936.$tChanged conception of the Constitution.$d[Rochester, ©1925]$w(OCoLC)613239188
988   $a20020608
906   $0DLC

