LEADER 01048nam a2200277I  4500
001 004000990-4
005 20090712174412.0
008 830523s1946    fr            000 0 fre  
010   $a   47004149 
035 0 $aocm09534994
040   $aDLC$cDGU$dDGU$dHLS
050 0 $aD765.2.W3$bB34
082   $a940.53438
245 03$aLa Bataille du ghetto de Varsovie,$cvue et racontée par les Allemands.
260   $aParis,$bÉditions du Centre,$c1946.
300   $a88 p.$c22 cm.
490 0 $aCentre de documentation juive contemporaine. Sér. "Documents," ;$vno. 1
500   $a"Le document ... se compose de deux parties: le rapport récapitulatif de Stroop, général de Brigade SS et général major de la police et la liasse de 'télémessages' rapports journaliers."--p. 8.
500   $aIntroduction signed: David Knout.
650  0$aWorld War, 1939-1945$zPoland$zWarsaw.
650  0$aJews$zPoland$zWarsaw.
651  0$aWarsaw (Poland)$xHistory$xSources.
700 1 $aKnut, Dovid.
700 1 $aStroop.
988   $a20020608
906   $0DLC

