LEADER 00730nam a2200229K  4500
001 004000991-2
005 20020606095253.2
008 830526r1892    gw            000 0 ger d
035 0 $aocm09547341
040   $aCIN$cCIN$dHLS
041 0 $agerlat
090   $aPA6391.Z5$bB4
100 1 $aBeck, J. W.$q(Jan Wibertus)
245 10$aStudia Gelliana et Pliniana.$cScripsit J.W. Beck.
260   $aLipsiae,$bB.G. Teubner,$c1892.
300   $a55 p.$c24 cm.
500   $aReprint from Jahrbücher für classische Philologie, Supplementband 19. 1892.
500   $aCriticism by Oskar Froehde, and other clippings fastened inside front cover.
600 10$aGellius, Aulus.
600 00$aPliny,$cthe Elder.
988   $a20020608
906   $0OCLC

