LEADER 00534nam a2200181K  4500
001 004000992-0
005 20020606095253.2
008 830526s1885    gw h          000 0 lat d
035 0 $aocm09548068
040   $aCIN$cCIN$dHLS
090   $aPA6448$b.B4
100 1 $aBeer, Rudolf,$d1863-1913.
245 10$aSpicilegium Juvenalianum.$cScripsit Rudolphus Beer. Accessit libri Pithoeani simulacrum.
260   $aLipsiae,$bIn aedibus B.G. Teubneri,$c1885.
300   $a82 p.$bfacsim.$c23 cm.
600 00$aJuvenal.
988   $a20020608
906   $0OCLC

