LEADER 00716cam a2200181I  4500
001 004000993-9
005 20020606095253.2
008 830527q18701879enkab         000 0 eng d
035 0 $aocm09553918
040   $aKSW$cKSW$dOCL$dHLS
090   $aDA690.K4$bB3
100 1 $aBeck, John,$cof Leamington.
245 10$aBeck's guide to Kenilworth Castle,$bcomprising its history, a full description of the picturesque ruins, and also a detailed account of the priory and church, with a brief sketch of Warwick, Guy's cliff, and Stoneleigh Abbey.
260   $aLeamington [Eng.] :$bJ. Beck,$c[187-?]
300   $a59 p.$billus., fold. map$c16 cm.
610 20$aKenilworth Castle (Kenilworth, England)
988   $a20020608
906   $0OCLC

