LEADER 00945nam a2200241Ia 4500
001 004000994-7
005 20020606095253.2
008 830601s1875    fr afb        000 0 fre d
035 0 $aocm09564062
040   $aGZW$cGZW$dHLS
050  4$aG440$b.B37 1875
090   $aG440$b.B37 1875
100 1 $aBeauvoir, Ludovic,$cmarquis de,$d1846-1929.
245 10$aVoyage autour du monde :$bAustralie, Java, Siam, Canton, Pekin, Yeddo, San Francisco /$cpar le comte de Beauvoir.
250   $a10e éd.
260   $aParis :$bE. Plon,$c1875.
300   $a661 p., [7] leaves of plates :$bill., 8 maps (3 col. fold.) ;$c29 cm.
500   $aAdded title page illustrated.
500   $a"Ouvrage couronné par l'Académie Française."
650  0$aVoyages around the world.
776 08$iOnline version:$aBeauvoir, Ludovic, marquis de, 1846-1929.$tVoyage autour du monde.$b10e éd.$dParis : E. Plon, 1875$w(OCoLC)894204337
988   $a20020608
906   $0OCLC

