LEADER 00765cam a2200193I  4500
001 004000995-5
005 20020606095253.2
008 830601s1869    fr a          000 0 fre d
035 0 $aocm09564516
040   $aCIN$cCIN$dCLU$dHLS
090   $aGV17$b.B4
100 2 $aBecq de Fouquières, L.$q(Louis),$d1831-1887.
245 14$aLes jeux des anciens;$bleur description, leur origine, leurs rapports avec la religion, l'histoire, les arts et les moeurs,$cpar L. Becq de Fouquières. Ouvrage accompagné de gravures sur bois d'après l'antique, dessinées et gravées par M. Léon Le Maire.
260   $aParis,$bC. Reinwald,$c1869.
300   $aviii, 460 p.$billus.$c25 cm.
650  0$aGames$xHistory.
650  0$aClassical antiquities.
988   $a20020608
906   $0OCLC

