LEADER 01113nam a2200241Ia 4500
001 004000996-3
005 20020606095253.2
008 830602s1688    enk           000 0 eng d
035 0 $aocm12039456
035 0 $aocm09567850
040   $aEMT$cEMT$dm/c$dHHG
100 1 $aAltham, Michael,$d1633-1705.
245 14$aThe additional articles in Pope Pius's creed :$bno articles of the Christian faith. Being an answer to a late pamphlet, intituled, Pope Pius his profession of faith vindicated from novelty in additional articles, and the prospect of Popery, taken from that authentick record, with short notes thereupon, defended.
260   $aLondon :$bPrinted by J.L. for Luke Meredith,$c1688.
300   $a87 p. ;$c20 cm. (4to)
500   $aSignatures: A-L⁴.
500   $a"The prospect of popery" is the alternative title to his "The creed of Pope Pius the IV."
510 4 $aWing$cA2931 ; McAlpin, v. 4, p. 272
600 00$aPius$bIV,$cPope,$d1499-1565.
600 10$aGother, John,$d-1704.$tPope Pius his profession of faith vindicated.
752   $aGreat Britain$dLondon.
988   $a20020608
906   $0OCLC

