LEADER 00877nam a2200217Ia 4500
001 004000997-1
005 20020606095253.2
008 830603s1954    at a          000 0 eng d
035 0 $aocm09572868
040   $aBUF$cBUF$dHLS
050  4$aPR8231.E25$bG66 1954
100 1 $aBeard, William.
245 10$a"Gooreeana" :$ban aboriginal romance of the long ago /$cby William Beard.
260   $a[S.l.] :$bprivately printed;$aParramatta :$bCumberland Newspapers,$c1954.
300   $a80 p. :$bill. ;$c25 cm.
500   $aIntroduction by G. Mackaness.
500   $a"Of this edition, two hundred copies for sale, and twenty-five for presentation...."
500   $aPaperbound in blue; printed in black.
776 08$iOnline version:$aBeard, William.$t"Gooreeana".$d[S.l.] : privately printed; Parramatta : Cumberland Newspapers, 1954$w(OCoLC)610497109
988   $a20020608
906   $0OCLC

