LEADER 01013nam a2200265K  4500
001 004000998-X
005 20020606095253.2
008 830616s1872    enkf          000 0 eng d
035 0 $aocm09613963
040   $aCNO$cCNO$dHLS
041 1 $aeng$hfre
090   $aG440$b.B372
100 1 $aBeauvoir, Ludovic,$cmarquis de,$d1846-1929.
245 10$aPekin, Jeddo, and San Francisco.$bThe conclusion of a voyage round the world.$cBy the Marquis de Beauvoir ... Tr. from the French by Agnes and Helen Stephenson. With 15 engravings from photographs.
246 3 $aConclusion of a voyage around the world.
260   $aLondon,$bJ. Murray,$c1872.
300   $ax p., 1 ℓ., 291 p.$b15 pl. (3 fold., incl. front)$c20 cm.
650  0$aVoyages around the world.
651  0$aChina$xDescription and travel.
651  0$aJapan$xDescription and travel.
651  0$aCalifornia$xDescription and travel.
700 1 $aStephenson, Agnes,$etr.
700 1 $aStephenson, Helen,$ejoint tr.
988   $a20020608
906   $0OCLC

