LEADER 01259nam a2200289 a 4500
001 004000999-8
005 20080421095956.0
008 830524s1701    sp            000 0 cat  
010   $a   83460737 
035 0 $aocm09620516
040   $aDLC$cDLC$dm/c$dHVL
043   $ae-sp---
082 0 $a349.46/7$a344.67$219
100 1 $aPeguera, Lluys de,$d1540-1610.
245 10$aPractica, forma, y estil de celebrar Corts Generals en Cathalunya y materias incidents en aquellas ... /$cper lo noble don Lluys de Peguera ...
260   $a[Barcelona] :$bEstampada de manament del ... Consistori dels Senyors Deputats y Oydors del present Principat de Cathalunya per Rafel Figuerò,$c1701.
300   $a[16], 104, [44] p. ;$c20 cm. (4to)
500   $aOriginally published as: Practica, forma y stil de celebrar corts generals en Cathalunya y materias incidents en aquellas. 1632.
500   $aPlace of printing from Palau.
500   $aSignatures: *⁴ 2[sec.]⁴ A-N⁴ a-e⁴ f².
500   $aIncludes index.
510 4 $aPalau$c216351
610 10$aCatalonia (Principality).$bCorts.
650  0$aLaw$zSpain$zCatalonia.
700 1 $aOlivart, Ramon de Dalmau y de Olivart,$cmarques de,$d1861-1928,$eformer owner.$5law
988   $a20020608
906   $0DLC

