LEADER 00772nam a2200217Ia 4500
001 004001000-7
005 20020606095253.2
008 830622s1615    be            001 0 lat d
035 0 $aocm09632043
040   $aXAV$cXAV$dHVL
090   $aKBG0$b.M64 1615
100 1 $aMolina, Luis de,$d1535-1600.
240 10$aDe justitia et jure
245 00$aR.P. Ludovici Molinæ e Societate Jesu primarii quondam in Academia Eborensi sacræ theologiæ professoris De justitia & jure tomi sex /$chæc postremâ editione emendati insuper summariis et indicibus aucti.
260   $aAntuerpiæ :$bApud Joannem Keerbergium,$c1615.
300   $a6 v. in 4 ;$c39 cm.
500   $aVol. 1 has engr. t.p.
500   $aIncludes indexes.
650  0$aCanon law.
988   $a20020608
906   $0OCLC

