LEADER 00823cam a2200205Ia 4500
001 004001001-5
005 20020606095253.2
008 830624s1920    iluc          000 0beng  
010   $a   20006186 
035 0 $aocm09639538
040   $aDLC$cTMS$dWIH$dm/c$dHLS
050 0 $aE757$b.B29 1920
100 1 $aBarton, William Eleazar,$d1861-1930.
245 10$aTheodore Roosevelt :$ban address delivered in the First Congregational Church of Oak Park, Illinois, on January 12, 1919, the Sunday following the death and burial of Ex-President Roosevelt, and revised and repeated by request on March 7, 1920 /$cby William E. Barton.
260   $aOak Park, Ill. :$bAdvance Pub. Co.,$c1920.
300   $a[16] p. :$bill. ;$c23 cm.
500   $aCover title.
600 10$aRoosevelt, Theodore,$d1858-1919.
988   $a20020608
906   $0DLC

