LEADER 01055cam a2200289Ia 4500
001 004001002-3
005 20120112095203.0
008 830627s1698    enk           000 0 eng d
035 0 $aocn315345409
035 0 $aocm09649598
040   $aUMI$cUMI$dUMI$dHHG
043   $ae-uk-en
045   $au-u-
090   $aBV4625$b.A47
100 1 $aAlsop, Vincent,$d1629 or 1630-1703.
245 12$aA sermon preach'd to the Societies for Reformation of Manners in the cities of London and Westminster at Salters-Hall, Aug 15, 1698 :$bpreached and published at the desire of the said Societies /$cby Vincent Alsop.
260   $aLondon :$bPrinted by John Lawrence,$c1698.
300   $a[8], 53, [1] p. ;$c17 cm.
510 4 $aWing$cA2920.
650  0$aPresbyterian Church$xSermons.
650  0$aSermons, English$y17th century.
651  0$aGreat Britain$xMoral conditions$xSermons.
752   $aEngland$dLondon.
830  0$aEarly English books, 1641-1700 ;$v1347:18.$5mic
830  0$aEarly English books online.$5net
988   $a20020608
906   $0OCLC

