LEADER 00694nam a2200205Ia 4500
001 004001003-1
005 20020606095253.2
008 830630s1871    nyub          000 0 eng d
035 0 $aocm09660136
040   $aPIT$cPIT$dm/c$dHLS
043   $an-us-ma
090   $aG1233.F7$bB4 1871
100 1 $aBeers, F. W.$q(Frederick W.)
245 10$aAtlas of Franklin Co., Massachusetts :$bfrom actual surveys /$cby and under the direction of F.W. Beers, assisted by Geo. P. Sanford and others.
260   $aNew York :$bF.W. Beers & Co.,$c1871.
300   $a52 p. :$bcol. maps ;$c41 cm.
651  0$aFranklin County (Mass.)$xMaps.
700 1 $aSanford, G. P.$q(George P.)
988   $a20020608
906   $0OCLC

