LEADER 01145nam a2200289Ia 4500
001 004001004-X
005 20020606095253.2
008 830630s1952    ne       b    001 0 dut d
010   $a   55021233 
035 0 $aocm09660155
040   $aWTS$cWTS$dHLS
041 0 $adut$bengger
050  4$aBV29$b.B374
090   $aBV29$b.B374
100 1 $aBeerekamp, Jan Wouterus.
245 13$aDe jeugddienst :$bzijn geschiedenis, principe en opzet = The young people's service : its history, principles and arrangement = Der Jugendgottesdienst : Geschichte, Prinzip und Einrichtung /$cJan Wouterus Beerekamp.
260   $aNijkerk :$bG.F. Callenbach,$c1952.
300   $ax, 230 p. ;$c23 cm.
500   $aSummaries in English and German.
500   $a"Stellingen": [3 p.] inserted.
502   $aThesis (Th.D.)--Rijksuniversiteit te Utrecht, 1952.
504   $aIncludes bibliographical references and index.
650  0$aChurch group work with youth.
650  0$aChurch work with youth.
776 08$iOnline version:$aBeerekamp, Jan Wouterus.$tJeugddienst.$dNijkerk : G.F. Callenbach, 1952$w(OCoLC)648350172
988   $a20020608
906   $0OCLC

