LEADER 00742nam a2200253I  4500
001 004001005-8
005 20020606095253.2
008 830708s1937    sp            000 0 spa  
010   $a   41032045 
035 0 $aocm09681462
040   $aDLC$cCUS$dCUS$dHLS
043   $ae-sp---
050 0 $aDP257$b.E78
082   $a946.08
100 1 $aEspaña, Juan Bautista.
245 10$aNueva aurora,$bexégesis de la doctrina sobre la que resurge la verdadera España ...
260   $aAvila,$bSenén Martín, impresor$c[1937?]
300   $a274 p., 1 ℓ.$c20 cm.
650  0$aFascism$zSpain.
650  0$aWorking class$zSpain.
651  0$aSpain$xPolitics and government$y1931-1939.
650  0$aLabor$zSpain.
988   $a20020608
906   $0DLC

