LEADER 00797nam a2200229Ii 4500
001 004001006-6
005 20020606095253.2
008 830714s1659    enk           000 0 eng d
035 0 $aocm09704589
040   $aBOL$cBOL$dm/c$dHVL
090   $aBX5165$b.P361 1659
100 1 $aPearson, Anthony,$d1628-1670?
245 14$aThe great case of tythes :$btruly stated, clearly open'd and fully resolv'd /$cby Anthony Pearson.
250   $aThe 3d ed., cor. and amended.
260   $aLondon :$bPrinted for Giles Calvert,$c1659.
300   $a1 p. ℓ., 43 p. ;$c18 cm.
500   $a"The great case of tithes" was first published in 1657.
650  0$aSociety of Friends$xDoctrinal and controversial works.
650  0$aTithes.
700 1 $aMartin, Josiah,$d1683-1747.
988   $a20020608
906   $0OCLC

