LEADER 00877nam a2200241Ia 4500
001 004001007-4
005 20020606095253.2
008 830721s1973    ru       b    000 0 rus d
010   $a   74320934 //r
035 0 $aocm09723179
040   $aIXA$cIXA$dm/c$dHLS
050   $aHC244$b.B3535
100 1 $aBautina, N. V.$q(Ninelʹ Vladimirovna)
245 10$aOsobennosti mezhdunarodnogo sot︠s︡ialisticheskogo obobshchestvlenii︠a︡ proizvodstva /$cBautina, N.V., Kormnov, I.F., Borisovskaia, M.A.
260   $aMoskva :$bIzdatelʹstvo "Ėkonomika",$c1973.
300   $a108 p. ;$c20 cm.
500   $aTitle transliterated; t.p. and text in Russian.
504   $aIncludes bibliographical references.
651  0$aEurope, Eastern$xEconomic integration.
700 1 $aKormnov, I︠U︡riĭ Filippovich.
700 1 $aBorisovskai︠a︡, M. A.
988   $a20020608
906   $0OCLC

