LEADER 00809nam a2200253K  4500
001 004001008-2
005 20090220124517.0
008 830804s1906    lau      b    000 0 eng d
035 0 $aocm09775605
040   $aLNC$cLNC$dHLS
043   $an-us-la
100 1 $aBeer, William,$d1849-1927.
245 10$aContributions to Louisiana history by William Beer ...
260   $aNew Orleans, La.,$c1906.
300   $a8 p.
500   $aCover-title.
500   $aAt head of title: Howard memorial library, New Orleans, La.
500   $aTwo hundred copies printed.
500   $aExtracts from unfamiliar works covering the battle of New Orleans.
504   $aBibliography: p. 8.
650  0$aNew Orleans, Battle of, New Orleans, La., 1815.
710 2 $aHoward Memorial Library.
988   $a20020608
906   $0OCLC

