LEADER 00612nam a2200193K  4500
001 004001009-0
005 20020606095253.2
008 830804s1904    xx            000 0 eng d
035 0 $aocm09775672
040   $aLNC$cLNC$dHLS
043   $an-us-la
100 1 $aBeer, William,$d1849-1927.
245 00$aSome prints of interest to students of Louisiana history,$bprinted for William Beer, librarian, Howard Memorial Library, New Orleans.
246 3 $aPrints of interest to students of Louisiana history.
260   $a[n.p.]$c1904.
300   $afolder.
651  0$aLouisiana$xHistory.
988   $a20020608
906   $0OCLC

