LEADER 00781nam a2200217Ia 4500
001 004001010-4
005 20020606095253.2
008 830809s1763    it            000 0 lat d
035 0 $aocm09791663
040   $aCWR$cCWR$dHHG
050  4$aBT1410$b.A57
090   $aBT1410$b.A57
100 1 $aAlticozzi, Lorenzo,$d1689-1777.
245 00$aR.P. Laurentii Alticotii Cortonensis Soc. J. presbyteri dissertatio historico-critica de antiquis novisque Manichaeis.
246 3 $aDissertatio historico-critica de antiquis novisque Manichaeis.
260   $aRomae :$bEx typographia Generosi Salomoni,$c1763.
300   $a[12], 216 p. ;$c24 cm. (4to)
500   $aTitle-page illus. engraved by Carlo Grandi after Giacomo Migliaccio.
650  0$aManichaeism.
988   $a20020608
906   $0OCLC

