LEADER 01156nam a2200253Ii 4500
001 004001012-0
005 20020606095253.2
008 830809s1759    it a          000 0 lat d
035 0 $aocm09793756
040   $aBOL$cBOL$dm/c$dHVL
090   $aBQV191$b.L83 1759
100 1 $aDe Luca, Giovanni Battista,$d1614-1683.
245 10$aTheatrum veritatis & justitiæ,$bsive Decisivi discursus per materias, seu titulos distincti, & ad veritatem editi in forensibus controversiis canonicis & civilibus, in quibus in urbe advocatus pro una partium scripsit, vel consultus respondit ...
260   $aVenetiis :$bBalleoniana,$c1759.
300   $a15 v. in 7 ;$bfront.,$c41 cm.
500   $aTitle vignettes.
500   $aRepertorium, seu index generalis rerum notabilium, quæ continentur in Theatro veritatis & justitiæ Cardinalis de Luca, a Nicolao Falconio ... elaboratum. Venetiis, Balleoniana, 1759.
500   $aIncludes decisions of the Rota romana.
650  0$aCanon law$vEarly works to 1800.
650  0$aCivil law$vEarly works to 1800.
700 1 $aFalconio, Nicolao.
710 2 $aCatholic Church.$bRota Romana.
988   $a20020608
906   $0OCLC

