LEADER 01322nam a2200253Ii 4500
001 004001014-7
005 20020606095253.2
008 830810s1759    it            000 0 lat d
035 0 $aocm09799570
040   $aBOL$cBOL$dm/c$dHVL
090   $aBQV192.F2$bL8 1759
100 1 $aDe Luca, Giovanni Battista,$d1614-1683.
245 10$aTractatus de officiis venalibus vacabilibus Romanae curiae : cum juribus, seu documentis, infromationibus, responsis, & decisionibus super suppressione Collegii secretariorum apostolicorum : accedit alter tractatus De locis montium non vacabilium urbus : cum nonnullis summorum pontificum constitutionibus : nec non Sacrae Rotae romae decisionibus ad materiam facientibus, suis locis optimè adjectis /$cJo. Baptistae de Luca.
246 3 $aDe locis montium non vacabilium urbis.
260   $aVenetiis :$bEx typographia Balleoniana,$c1759.
300   $a305 p. ;$c41 cm.
500   $aPrinters device on t.-p.
501   $aWith this is bound the author's Commentaria ad Constitutionem sanctae mem : Innocentii XI -- Venetiis, 1759.
610 20$aCatholic Church.$bCuria Romana.
650  0$aCanon law$vEarly works to 1800.
650  0$aBanks and banking$zPapal States$vEarly works to 1800.
650  0$aPawnbroking$zPapal States$vEarly works to 1800.
988   $a20020608
906   $0OCLC

