LEADER 01291cam a2200241Ii 4500
001 004001015-5
005 20050607105502.0
008 830817s1599    fr            000 0 lat d
035 0 $aocm09818729
040   $aBOL$cBOL$dOCL$dHVL
090   $aBQV192.W2$bR4 1599
100 1 $aRebuffi, Pierre,$d1487-1557.
245 10$aPraxis beneficiorum$cd. Petri Rebuffi ... Cui apposuimus bullam Coenæ Domini, bullam item ieiuniorum ac Supplicationum S.D.N.P. Pauli III. Additiones præterea ad Regulas Cancellariæ, cura Audomari Rebuffi ... auctoris nepotis diligentissimè excultas: necnon Practicam Cancellariæ apostolicæ divi Hieronymi Pauli Barchin cum elucidationibus P. Rebuffi. Concordatorum tractatum inter S.D.N. Papam Leonem X ac Sedem apostolicam et Franciscum christianiss. Francorum regem ad regnum, editum cum glossis ejusdem Petri Rebuffi ...
260   $aLugduni,$bapud Gulielmum Rouillium,$c1599.
300   $a4 p. ℓ., 802, [45] p.$c39 cm.
600 00$aLeo$bX,$cPope,$d1475-1521.
650  0$aBenefices, Ecclesiastical (Canon law)$vEarly works to 1800.
650  0$aTreaties$vEarly works to 1800.
700 1 $aRebuffi, Audomar$dactive 1557.
700 1 $aBarchin, Hieronymus Paulus.
710 2 $aCatholic Church.$bPope (1513-1521 : Leo X)
988   $a20020608
906   $0OCLC

