LEADER 01078nam a2200277Ia 4500
001 004001016-3
005 20020606095253.2
008 830823s1918    nyu           000 0 eng  
010   $a   18012302 
035 0 $aocm09838919
040   $aDLC$cOSU$dOSU$dHLS
050   $aPZ3.B3952$bA
100 1 $aBeecham, John Charles.
245 14$aThe argus pheasant /$cby John Charles Beecham ; frontispiece by George W. Gage.
260   $aNew York :$bW.J. Watt & Company,$c[c1918].
300   $avi, 313, [17] p., [1] leaf of plates ;$c20 cm.
500   $aVerso of t.p.: Press of Braunworth & Co.
500   $aAdvertisements consisting of a "specimen chapter" with illustrations on pages [1]-[17] at end.
500   $aMaroon cloth stamped in white.
700 1 $aGage, George W.,$eill.
710 2 $aW.J. Watt & Company,$epublisher.
710 2 $aBraunworth & Co.,$eprinter.
700 1 $aGage, George W.,$eillustrator.
776 08$iOnline version:$aBeecham, John Charles.$tArgus pheasant.$dNew York : W.J. Watt & Co., [©1918]$w(OCoLC)647040852
988   $a20020608
906   $0DLC

