LEADER 00705nam a2200229Ia 4500
001 004001017-1
005 20020606095253.2
008 830829s1883    nyu           000 0 eng d
035 0 $aocm09856083
040   $aNBG$cNBG$dm/c$dHLS
050  4$aRC415$b.B383
060  4$aWZ B368h 1883
100 1 $aBeard, George Miller,$d1839-1883.
245 10$aHerbert Spencer on American nervousness :$ba scientific coincidence /$cby George M. Beard.
246 3 $aAmerican nervousness
260   $aNew York :$bG. P. Putnam's Sons,$c1883.
300   $a17 p. ;$c20 cm.
650  2$aNervous System Diseases$xessays
650  2$aNeurasthenia
700 1 $aSpencer, Herbert,$d1820-1903.
988   $a20020608
906   $0OCLC

