LEADER 00590nam a2200205K  4500
001 004001018-X
005 20080417112045.0
008 830829s1790    fr            000 0 fre d
035 0 $aocm38278949
035 0 $aocm09856158
040   $aCIL$cCIL$dHVL$dMH-L
090   $aKJJ0.C75$bP28 1790
100 1 $aPastoret, Claude Emmanuel Joseph Pierre,$cmarquis de,$d1755-1840.
245 14$aDes loix penales, /$cpar m. de Pastoret.
260   $aParis :$bBuisson,$c1790.
300   $a2 v. ;$c21 cm.
650  0$aCriminal law$zFrance.
650  0$aPunishment$zFrance.
988   $a20020608
906   $0OCLC

