LEADER 00903nam a2200205Ia 4500
001 004001019-8
005 20020606095253.2
008 830831s1912    tnu           000 0 eng d
035 0 $aocm09866854
040   $aTNN$cTNN$dHLS
043   $an-us-tn
100 1 $aBeard, William Ewing,$d1873-
245 10$aIt happened in Nashville, Tennessee :$ba collection of historical incidents which occurred in Nashville, are commemorated there, or in which Nashville people were actors /$ccompiled for the Industrial Bureau of that city, by W.E. Beard.
260   $a[Nashville, TN :$bDavie Printing Co.,$c1912].
300   $a65 p. ;$c20 cm.
651  0$aNashville (Tenn.)$xHistory.
655  7$aHistory.$2fast
776 08$iOnline version:$aBeard, W. E. (William Ewing), 1873-1950.$tIt happened in Nashville, Tennessee.$d[Nashville, TN] : [Davie Print. Co.], [1912]$w(OCoLC)893935887
988   $a20020608
906   $0OCLC

