LEADER 00717nam a2200241I  4500
001 004001020-1
005 20070901105656.0
008 830903s1927    be cfh        000 0 fre  
010   $a   27017380 
035 0 $aocm09877216
040   $aDLC$cCIN$dHTV
050 0 $aPJ1051$b.L3
050 0 $aPJ1051$b.L3 1927
100 1 $aLagier, Camille.
245 10$aAutour de la pierre de Rosette.
260   $aBruxelles,$bFondation égyptologique reine Élisabeth,$c1927.
300   $a159 p.$b11 pl. (incl. front., ports., facsims.) on 9 ℓ.$c25 cm.
630 00$aRosetta stone.
650  0$aEgyptology$xHistory.
650  0$aZodiac.
710 2 $aFondation égyptologique reine Élisabeth.
988   $a20020608
906   $0DLC

