LEADER 00594nam a2200205Ia 4500
001 004001021-X
005 20020606095253.2
008 830908s1938    pl            001 0 pol d
035 0 $aocm09885323
040   $aPIT$cPIT$dm/c$dHLS
043   $ae-pl---
090   $aDK4420.B4$bA3 1938
100 1 $aBeck, Józef,$d1894-1944.
245 10$aPrzemówienia, deklaracje, wywiady, 1931-1937 /$cJózef Beck.
260   $aWarszawa :$bNakład Gebethnera i Wolffa,$c1938.
300   $a339 p. ;$c24 cm.
500   $aIncludes indexes.
651  0$aPoland$xForeign relations.
988   $a20020608
906   $0OCLC

