LEADER 00740cas a2200229K  4500
001 004001023-6
005 20020606095253.2
008 830927d19371949ag uu         0   b0spa d
016 7 $a18240230R$2DNLM
016 7 $aSR0050847$2DNLM
035 0 $aocm09954644
040   $aTMC$cTMC$dOCL$dNLM$dHMS
060 00$aW1$bLA664
245 00$aAnales de la facultad de ciencias medicas de La Plata.$cUniversidad Nacional de La Plata.
260   $aBuenos Aires.
300   $a16 v.$billus.
362 0 $av. 1-16 (1937-49)
650  2$aMedicine$xperiodicals.
710 2 $aFacultad de Ciencias Médicas de La Plata.
785 00$tRevista de la Facultad de Ciencias Médicas de La Plata$w(DLC)sn 91033341$w(OCoLC)6410910
988   $a20020608
906   $0OCLC

