LEADER 01020nam a2200253Ia 4500
001 004001024-4
005 20020606095253.2
008 831004s1720    gw            000 0 lat d
035 0 $aocm09980615
040   $aEMT$cEMT$dHVL
041 0 $alatgergrc
100 1 $aPfaff, Christoph Matthäus,$d1686-1760,$epraeses.
245 10$aDissertatio inaguralis de moderatione theologica ... /$cad moderamen Christophori Matthaei Pfaffii ... ; ad d. [sic] Martii solenni ventilationi exposita ab Eberhardo Friderico Hiemero.
260   $aStuttgardiae [i.e. Stuttgart] :$bPrelo Roessliniano,$c1720.
300   $a[2], 44 p. ;$c20 cm.
500   $aSignatures: [pi]¹, A-E⁴, F²; C3 unsigned.
500   $aText in Latin, German, and Greek.
500   $aHeadpiece, tailpiece, and initial.
502   $aThesis (doctoral)--Tübingen, 1720 (E.F. Hiemerus, respondent)
650  0$aTheology, Doctrinal.
700 1 $aHiemerus, Eberhardus Fridericus,$erespondent.
752   $aGermany$dStuttgart.
988   $a20020608
906   $0OCLC

