LEADER 00715nam a2200229I  4500
001 004001025-2
005 20070901105657.0
008 831005s1928    gw af         000 0 ger  
010   $a   45002539 
035 0 $aocm14025593
035 0 $aocm09985446
040   $aDLC$cCNO$dHTV
050 0 $aNC1045$b.V6
050 0 $aNC1045$b.V6 1928
100 1 $aVoss, Hermann.
245 10$aZeichnungen der italienischen Spätrenaissance, mit einer Einführung herausgegeben$cvon Hermann Voss.
260   $aMünchen,$bDelphin-verlag$c[c1928]
300   $a48 p., 2 ℓ.$bmounted illus., 32 pl.$c32 x 25 cm.
490 0 $aZeichnung: 2. Reihe: Die Italiener,$vBd. IV
650  0$aDrawing, Italian.
988   $a20020608
906   $0DLC

