LEADER 00542nam a2200193I  4500
001 004001026-0
005 20090712174412.0
008 831006s1904    gw            000 0 ger d
035 0 $aocm09987076
040   $aMBB$cMBB$dHLS
090   $aBM740$b.J37
100 1 $aBeerman, Max.
245 14$aDie Seelsorge an jüdischen Strafgefangenen.
260   $aBerlin,$bA. Scholem,$c1904.
300   $a24 p.$c21 cm.
501   $aBound with Jellinek, A., Das Friedenwerk! Wien, 1860.
650  0$aPrison chaplains$xJudaism.
988   $a20020608
906   $0OCLC

