LEADER 01237nam a2200229I  4500
001 004001027-9
005 20020606095253.2
008 831020s1715    ne bef        000 0 fre d
035 0 $aocm10040243
040   $aRCE$cRCE$dHHG
090   $aDP34$b.A4 1715
100 2 $aAlvarez de Colmenar, Juan,$dactive 1707-1741.
245 14$aLes délices de l'Espagne & du Portugal,$boù on voit une description exacte des antiquitez, des provinces, des montagnes, des villes, des rivières, des ports de mer, des forteresses, églises, académies, palais, bains, &c. De la religion, des moeurs des habitans, de leurs fêtes, & généralement de tout ce qu'il y a de plus remarquable.$cLe tout enrichi de cartes géographiques, très-exactes & de figures en taille-douce, dessinées sur les lieux mêmes.
250   $aNouvelle éd.,$brev., corr. & beaucoup augm.
260   $aÀ Leide,$bP. Vander Aa,$c1715.
300   $a6 v. in 3.$bplates (part double, part fold.), maps (part double), plans (part double)$c16 cm.
500   $aEach vol. has also special t.-p., engr., with vignette.
500   $aTitles in red and black.
651  0$aPortugal$xDescription and travel.
651  0$aSpain$xDescription and travel.
988   $a20020608
906   $0OCLC

