LEADER 00535nam a2200193I  4500
001 004001028-7
005 20020606095253.2
008 831027m19001950gw            000 0 ger d
035 0 $aocm10062621
040   $aMBB$cMBB$dm/c$dHLS
090   $aBM648$b.B36
100 1 $aBeermann, Max.
245 10$aBeiträge zur Wesenserkenntnis des Judentums.
260   $aBerlin,$bVerlag der "Abwehr-Blätter"$c[19--]
300   $a94 p.$c19 cm.
500   $aErrata slip inserted.
650  0$aJudaism$xApologetic works.
988   $a20020608
906   $0OCLC

