LEADER 00666nam a2200217 a 4500
001 004001029-5
005 00000000000000.0
008 831028r19741931ctu      s    000 0 eng d
035 0 $aocm10068793
040   $aFTC$cFTC$dm/c$dHBS
110 1 $aUnited States.$bBureau of the Census.
245 10$aPublic-merchandise warehousing.
246 3 $aMerchandise warehousing
250   $a[January 23, 1931 - January 31, 1946]
260   $aWashington [D.C.] :$bDept. of Commerce, Bureau of the Census,$c[1931-1946]
300   $a111 pt. in 1 v.
500   $aCaption title.
500   $aChiefly tables.
650  0$aWarehouses$zUnited States.
988   $a20020608
906   $0OCLC

