LEADER 02942aam a2200529 a 4500
001 004001030-9
005 20091211172924.0
008 831031s1527    enk      d    000 0 roa d
035 0 $aocn612437189
035 0 $aocm30689424
035 0 $aocm10077365
040   $aLRL$edcrb$cLRL$dMH-L
041 0 $aroa$aeng
043   $ae-uk---
100 1 $aRastell, John,$d-1536.
245 10$aExpositiones terminoru[m] legum Angloru[m] :$bet natura brevium cum diuersis casibus regulis et fundamentis legu[m], tam de libris Magistri Litteltoni qua[m] de aliis legum libris collectis et breuiter compilatis pro iuuinibus valde necessariis.
246 3 $aExpositiones terminorum legum Anglorum
260   $a[London :$bJohn Rastell,$c1527.]
300   $a[8], ciii, [1] leaves :$bill. (woodcuts) ;$c12.5 cm. (16mo)
500   $aDate of imprint from colophon; name of printer from STC (2nd ed.)
500   $aColophon: Impressum .xv. die Iulii. anno d[omi]ni M.v.C.xxvii. Cum priuilegio regali.
500   $aCollation: [Maltese cross]⁸ A-N⁸ [$4 (-N4) signed]
500   $aTwo religious woodcuts on final leaf: (recto) Lazarus begging for alms (Hodnett, English woodcuts, no. 2282) and (verso) John the Baptist on Patmos, writing in a book (Hodnett, English woodcuts, no. 2283)
500   $aIn black letter type.
500   $aOriginally compiled ca. 1523. The authorship and translation have been ascribed variously to John Rastell and his son William. The latter is usually considered the editor or translator. --cf. STC (2nd ed.) 20701, etc.; J.G. Marvin, Legal bibliography; Joseph Ames, Typographical antiquities; Dict. nat. biog.; Brit. mus. catalogue, etc.
510 4 $aSTC (2nd ed.)$c20703
510 4 $aBeale, J.H. Engl. law$cT453
546   $aPrologue in English; text in Law French.
650  0$aLaw$zEngland$xDictionaries$vEarly works to 1800.
650  0$aLaw$xDictionaries$vEarly works to 1800.
650  0$aWrits$zEngland$vEarly works to 1800.
655  7$aWoodcuts$zEngland$zLondon$y1527.$2gmgpc
655  7$aGilt edges (Binding)$zEngland$y18th century.$2rbbin$5law
655  7$aSilk doublures (Binding)$zEngland$y18th century.$2rbbin$5law
655  7$aMorocco bindings (Binding)$zEngland$y18th century.$2rbbin$5law
655  7$aGold tooled bindings (Binding)$zEngland$y18th century.$2rbbin$5law
655  7$aSixteenmo format (Printing)$zEngland$zLondon$y1527.$2rbpri
655  7$aColophons (Printing)$zEngland$zLondon$y1527.$2rbpri
655  7$aAnnotations (Provenance)$zEngland$y20th century.$2rbprov$5law
655  7$aBlack letter types (Type evidence)$zEngland$zLondon$y1527.$2rbtyp
700 1 $aRastell, William,$d1508?-1565.
700 1 $aCholmley, Henry W.,$eformer owner.$5law
700 1 $aDunn, George,$d1864-1912,$eformer owner.$4fmo$5law
700 1 $aLittleton, Thomas,$cSir,$d-1481.$tTenures.
752   $aEngland$dLondon.
988   $a20020608
906   $0OCLC

