LEADER 01229nam a2200277I  4500
001 004001031-7
005 20070901105657.0
008 831102s1924    gw       b    000 0 ger  
010   $a   29020183 
035 0 $aocm10085301
040   $aDLC$cCNO$dCNO$dHTV
050 0 $aDU120$b.B4
050 0 $aDU120$b.B4 1924
100 1 $aBeck, Walter.
245 14$aDas Individuum bei den Australiern;$bein Beitrag zum Problem der Differenzierung primitiver gesellschaftsgruppen in zusammenhang mit dem psychologischen Problem der Persönlichkeit und ihrer Entwicklung,$cvon Dr. Walter Beck.
260   $aLeipzig,$bR. Voigtländer,$c1924.
300   $a4 p. ℓ., 85, [1] p.$c29 cm.
490 1 $aStaatliche Forschungsinstitute in Leipzig. Institut für Völkerkunde. [Veröffentlichungen] Erste reihe: Ethnographie und Ethnologie.$v6. Bd.
500   $aOriginally submitted as inaugural dissertation under title: Der primitive Individualismus, Leipzig, 1923.
504   $a"Literaturverzeichnis": p. [83]-85.
650  0$aEthnology$zAustralia.
650  0$aPrimitive societies.
650  0$aEthnopsychology.
830  0$aInstitut für Volkerkunde.$nReihe 1,$pEthnographie und Ethnologie ;$vBd. 6.
988   $a20020608
906   $0DLC

