LEADER 01783cam a2200313Ia 4500
001 004001032-5
005 20100318150549.0
008 831116s1687    enk           000 0 lat u
010   $a   33035740 
035 0 $aocm10135538
040   $cGUB$dm/c$dHVL$dMH-L
043   $ae-uk---
090   $aKD576$b.R44 1687
130 0 $aRegistrum brevium.
245 10$aRegistrum brevium tam originalium, quam judicialium :$ccorrectum & emendatum ad vetus exemplar manuscriptum,, cujus beneficio, à multis erroribus purgatum, ad usus, quibus inservit redditur accommodatius.
246 3 $aEst des briefs originals.
250   $aEd. 4.$bcui subjicitur Appendix diversa brevia tam vetera tam recentiora in officijs clerici coronae in Cancelaria, clericorum de cursu, & aliorum clericorum Cancellariae usitata, (quae in Registro brevium non extant,) continens. Unà cum libro consultissimi viri Simonis Theloall, cui titulus. Le digest des briefs originals et des choses concernants eux. In omnibus multò quam antea correctior & emendatior cum tabulis materiarum.
260   $aLondon :$bPrinted by the assigns of R. and E. Atkins for T. Bassett, [etc.] :$c1687.
300   $a[8], 321, 85 leaves, 59, 239 p. ; 32 cm.
500   $aThe Appendix (50 p.) and Le digest des briefs originals (239 p.) have special t. p.
500   $aFirst published, 1531, under title: Registrum omniũ breuium ....
500   $a"The compilation ... has been ascribed to Ralph de Hengham." -- J. G. Marvin, Legal bibliography.
510 4 $aESTC$cR34567
610 10$aGreat Britain.$bCourt of Chancery.
650  0$aWrits$zGreat Britain.
700 1 $aHengham, Ralph de,$d-1311.
700 12$aTheloall, Simon.$tDigest des briefs originals et des choses concernants eux.
988   $a20020608
906   $0MH

