LEADER 01024nam a2200217K  4500
001 004001034-1
005 20020606095253.2
008 831117s1926    nyu           000 0 eng d
035 0 $aocm10140081
040   $aVZQ$cVZQ$dHLS
100 1 $aBeard, Charles Austin,$d1874-1948.
245 04$aThe Supreme Court and the Constitution,$cby Charles A. Beard ...
260   $aNew York,$bThe Macmillan Company,$c1926.
300   $avii, 127 p.$c20 cm.
500   $a"This little volume is based upon an article which I published in the Political science quarterly for March, 1912."
505 0 $aAttacks upon judicial control.--The Constitutional convention of 1787 and judicial control.--Judicial control before the ratifying conventions.--The spirit of the Constitution.--The supporters of the new Constitution.--John Marshall and the fathers.--Marbury V. Madison.
610 10$aUnited States.$bSupreme Court.
650  0$aConstitutions$zUnited States.
650  0$aConstitutional law$zUnited States.
988   $a20020608
906   $0OCLC

