LEADER 00953cas a2200229 a 4500
001 004001035-X
005 00000000000000.0
008 831123u19uu9999dcuuu        f0   a0eng d
035 0 $aocm10157514
040   $aGSU$cGSU$dNYG$dm/c$dHBS
090   $aZ7164.C81$bU4559
245 00$aDissertations and theses relating to personnel administration.
260   $aWashington, D.C. :$bThe Library, United States Civil Service Commission,
300   $av. ;$c27 cm.
500   $aDescription based on: March, 1962; title from cover.
580   $aInformation continued in their Personnel bibliography series.
650  0$aPersonnel management$vBibliography.
650  0$aDissertations, Academic$zUnited States$vBibliography.
710 2 $aUnited States Civil Service Commission.$bLibrary.
780 00$tDissertations and theses relating to personnel administration accepted by American colleges and universities$w(OCoLC)10831154
988   $a20020608
906   $0OCLC

