LEADER 00891nam a2200253Ia 4500
001 004001036-8
005 20090712174412.0
008 831126s1906    gw            000 0 fre  
010   $a   07015889 
035 0 $aocm10163368
040   $aDLC$cKKW$dHLS
050 0 $aPQ1956$b.A63 1906
100 1 $aBeaumarchais, Pierre Augustin Caron de,$d1732-1799.
245 13$aLe barbier de Séville /$cBeaumarchais.
260   $aStrasbourg :$bJ.H. Ed. Heitz,$c[1906]
300   $a120 p. ;$c14 cm.
490 1 $aBibliotheca romanica ;$v23/24.$aBibliothèque française
500   $a"Notice" (p. [5]-14) signed: G.G. [i.e. Gustav Gröber]
700 1 $aGröber, Gustav,$d1844-1911,$eed.
700 1 $aGröber, Gustav,$d1844-1911,$eeditor.
830  0$aBibliotheca romanica.$pBibliothèque française.
830  0$aBibliotheca romanica (Strasbourg, France) ;$v23/24.
988   $a20020608
906   $0DLC

