LEADER 00651nam a2200217Ia 4500
001 004001037-6
005 20020606095253.2
008 831205s1925    bu b     b    000 0 bulod
035 0 $aocm10189483
040   $aIUL$cIUL$dHLS
043   $ae-yu---
090   $aDR2192$b.B36 1925
100 1 $aBazhdarov, Georgi.
245 10$aMakedonskii︠a︡t vŭpros vchera i dnes /$cot G. Bazhdarov.
260   $aSofii︠a︡ :$bPechatnit︠s︡a P. Glushkov,$c1925.
300   $a94 p. :$bmap ;$c16 cm.
490 0 $aMakedonska biblioteka (Sofia, Bulgaria)
504   $aBibliography: p. [91]-94.
650  0$aMacedonian question.
988   $a20020608
906   $0OCLC

