LEADER 00485nam a2200181Ia 4500
001 004001038-4
005 20020606095253.2
008 831206s1959    un            000 0 rus d
035 0 $aocm10193768
040   $aSUC$cSUC$dHLS
050  4$aPG3476.B339$bL4
090   $aPG3476.B339$bL4
100 1 $aBazhenov, Vasiliĭ,$d1916-
245 10$aLesnai︠a︡ povestʹ /$cVasiliĭ Bazhenov.
260   $aKiev :$bRad. pisʹmennik,$c1959.
300   $a151 p. ; 17 cm.
988   $a20020608
906   $0OCLC

