LEADER 00595nam a2200169Ia 4500
001 004001039-2
005 20070729215718.0
008 831209s1858    ctu           000 0 eng d
035 0 $aocm10203443
040   $aEMT$cEMT$dm/c$dHLS
100 1 $aBeardsley, E. Edwards$q(Eben Edwards),$d1808-1891.
245 14$aThe grateful remembrance :$ban anniversary discourse, delivered in St. Thomas' Church, New Haven, Easter Sunday, 1858 /$cby E.E. Beardsley.
260   $aNew Haven :$bPeck, White & Peck,$c1858.
300   $a16 p. ;$c23 cm.
610 20$aEpiscopal Church$xSermons.
988   $a20020608
906   $0OCLC

