LEADER 00951cas a2200265Ia 4500
001 004001040-6
005 20020606095253.2
008 831210d19141916nyumr p       0   a0eng d
016 7 $aS28400000$2DNLM
035 0 $aocm10209062
040   $aVRR$cVRR$dNYS$dm/c$dHMS
210 0 $aSoc Hyg Bull
245 04$aThe American Social Hygiene Association bulletin.
246 00$aBulletin / American Social Hygiene Association
260   $aNew York :$bAmerican Social Hygiene Association,$c[1914-1916].
300   $a3 v. ;$bill. ;$c28 cm.
310   $aMonthly
362 1 $aBegan with: v. 1, no. 1 (Apr. 1914); ceased with: v. 3, no. 12 (Dec. 1916).
500   $aDescription based on: v. 1, no. 2 (May 1914); title from masthead.
650  0$aPublic health$vPeriodicals.
650  2$aPublic Health$xperiodicals.
710 2 $aAmerican Social Hygiene Association.
785 00$tSocial hygiene bulletin$w(OCoLC)10209073
988   $a20020608
906   $0OCLC

