LEADER 00836nam a2200253Ia 4500
001 004001041-4
005 20070901105657.0
008 831213s1952    ilu           000 0 eng d
035 0 $aocm10214126
040   $aTXJ$cTXJ$dm/c$dHTV
082 0 $a121$219
100 1 $aBacon, Francis,$d1561-1626.
245 10$aAdvancement of learning.$bNovum organum. New Atlantis /$cby Sir Francis Bacon.
246 3 $aNovum organum.
246 3 $aNew Atlantis.
260   $aChicago :$bEncyclopædia Britannica,$cc1952.
300   $avi, 214 p. ;$c24 cm.
440  0$aGreat books of the Western world ;$vv. 30
650  0$aScience$xMethodology.
650  0$aLogic$xEarly works to 1800.
700 12$aBacon, Francis,$d1561-1626.$tNovum organum.$f1955.
700 12$aBacon, Francis,$d1561-1626.$tNew Atlantis.$f1955.
988   $a20020608
906   $0OCLC

