LEADER 00618nam a2200181K  4500
001 004001043-0
005 20080630114740.0
008 831215m17651838gw f          000 0 ger d
035 0 $aocm10222797
040   $aDRB$cDRB$dHVL
100 1 $aPütter, Johann Stephan,$d1725-1807.
245 00$aVersuch einer academischen Gelehrten-Geschichte von der Georg-Augustus-Universität zu Göttingen.
260   $aGöttingen :$bWittwe Vandenhoek,$c1765-1838.
300   $a4 v. :$bplates (part fold.) ;$c22 cm.
610 20$aUniversität Göttingen$xHistory.
700 1 $aSaalfeld, Friedrich,$d1785-1834.
988   $a20020608
906   $0OCLC

