LEADER 00945cas a22003017a 4500
001 004001044-9
005 20020606095253.2
008 831221c19599999pe ar0        0   b0spa d
010   $asn 83006104 
016 7 $aA28485000$2DNLM
022 0 $a0457-8988
035 0 $aocm10239641
040   $aNSD$cNSD$dHMS
041 0 $aspaengfreger
042   $ansdp
130 0 $aAnales del Hospital Militar Central (Lima, Peru)
210 0 $aAn. Hosp. Mil. Cent.$b(Lima)
222  0$aAnales del Hospital Militar Central$b(Lima)
245 00$aAnales del Hospital Militar Central$b(Lima).
260   $aLima, Peru :$bThe Hospital,
310   $aAnnual
362 1 $aBegan in 1959 with año 1.
500   $aDescription based on surrogate of: año 4. no. 4 (1962).
546   $aIn Spanish, English, French and German.
650  2$aMilitary Medicine$xperiodicals.
710 2 $aHospital Militar Central (Lima, Peru)
988   $a20020608
906   $0OCLC

