LEADER 00919nam a2200193Ka 4500
001 004001045-7
005 20020606095253.2
008 840104s1621    it            000 0 ita d
035 0 $aocm10263397
040   $aVZQ$cVZQ$dHVL
100 1 $aMoneta, Giovanni Pietro,$d-1654.
245 00$aTractatus de distributionibus quotidianis, :$btres in partes distributis, in hac 3. ed. recognitus, atque integris etiam quaestionibus, & decisionibus locupletatus. /$cAuctore Ioanne Petro Moneta Mediolanensi. Cum summarijs, ac duplici indice, altero quaestionum cuiusque partis, altero rerum singularium copiosissimo.
260   $aRomae :$bSumptibus Io. Angeli Ruffinelli, & Angeli Manni;$bex typographia Andreae Phaei,$cMDCXXI. [1621]
300   $a261, [34] p. ;$c22.5 cm. (4to)
500   $aInitials, printer's device.
500   $aIncludes index.
700 1 $aPhaeus, Andreas,$dactive 17th century.
988   $a20020608
906   $0OCLC

