LEADER 00598nam a2200193Ia 4500
001 004001048-1
005 20020606095253.2
008 840120q19401949xx            000 0 eng d
035 0 $aocm10320500
040   $aBGU$cBGU$dHLS
043   $ae-uk---
090   $aHG948$b.B4 1940b
100 1 $aBedford, Hastings William Sackville Russell,$cDuke of,$d1888-1953.
245 10$aPoverty and over-taxation :$bthe way out /$cby the Duke of Bedford.
260   $a[S.l.] :$bThe Duke of Bedford,$c[194-?]
300   $a46 p. ;$c22 cm.
650  0$aCurrency question$zGreat Britain.
988   $a20020608
906   $0OCLC

