LEADER 00948nam a2200277I  4500
001 004001049-X
005 20121119020543.0
008 840125s1964    enk           000 0 eng  
010   $a   65074914 
035 0 $aocm10337623
040   $aDLC$cSUC$dHLS
090   $aJQ2121$b.B387 1964
111 2 $aBasutoland Constitutional Conference,$d(1964 :$cLondon, England)
245 00$aBasutoland Constitutional Conference.
260   $aLondon,$bH. M. Stationery Off.,$c1964.
300   $a15 p.$c25 cm.
490 1 $a[Great Britain Parliament. Papers by command]$vcmnd. 2371
500   $a"Presented to Parliament by the Secretary of State for the Colonies by command of Her Majesty."
500   $aCover title.
610 10$aGreat Britain.$bColonial Office.
650  0$aConstitutional law$zLesotho$vCongresses.
710 1 $aBasutoland.$tConstitution.
830  0$aCmnd. ;$v2371.
830  0$aLLMC Digital$5net
988   $a20020608
906   $0DLC

