LEADER 00767nam a2200241I  4500
001 004001051-1
005 20020606095253.2
008 840131s1964    gw a          000 0 ger  
010   $a   65073887 
035 0 $aocm10357709
040   $aDLC$cNJT$dNJT$dm/c$dHLS
043   $ae-gr---
050 0 $aDF217$b.B3
100 1 $aBauer, Walter,$d1904-
245 10$aLorbeer für Hellas;$bgrosse Stunden der griechischen Geschichte.
260   $aStuttgart,$bUnion Verlag$c[1964]
300   $a241 p.$billus.$c24 cm.
500   $aMaps on lining papers.
651  0$aGreece$xHistory.
655  7$aHistory.$2fast
776 08$iOnline version:$aBauer, Walter, 1904-1976.$tLorbeer für Hellas.$dStuttgart, Union Verlag [1964]$w(OCoLC)891452044
988   $a20020608
906   $0DLC

