LEADER 00892nam a2200229Ia 4500
001 004001052-X
005 20020606095253.2
008 840201s1610    it            001 0 lat d
035 0 $aocm10361246
040   $aRSC$cRSC$dHVL
100 1 $aRebello, Ferdinand,$d1546-1608.
245 13$aDe obligationibus iustitiae :$breligionis et charitatis praeclarissimae quaestiones /$cD. Fernandi Rebelli ... nvnc primvm typis mandatae & I. V. doct. & confessarijs perutiles & periucundae, cvm indice rervm et sententiarvm.
250   $a1st ed.
260   $aVenetiis :$bApud Ioannem Antonium & Iacobum Franciscis,$c1610.
300   $a[16] 881 [i.e.] 882 [44] p. ;$c33 cm.
500   $aT.-p. in red and black ink.
500   $aMarginal notes.
500   $aEngraved, illustrated title vignette, and other engravings.
500   $aIncludes index.
650  0$aJustice.
988   $a20020608
906   $0OCLC

