LEADER 01040nam a2200265Ia 4500
001 004001053-8
005 20100409151959.0
008 840215s1924    gw af    b    000 0 ger d
035 0 $aocm10417164
040   $aSMI$cSMI$dHTV
043   $af-ua---
100 1 $aJohl, C. H.$q(Carl Hermann),$d1879-
245 10$aAltägyptische Webestühle und Brettchenweberei in Altägypten /$cvon C. H. Johl ; mit 59 Abbildungen im Text und auf 5 Tafeln sowie 2 Tafeln in Lichtdruck.
260   $aLeipzig :$bJ.C. Hinrichs,$c1924.
300   $avi, [2], 70 p., 7 leaves of plates :$bill. (2 mounted) ;$c30 cm.
490 1 $aUntersuchungen zur Geschichte und Altertumskunde Aegyptens ;$vBd. 8
504   $a"Literaturverzeichnis": p. [1], first set.
650  0$aLooms$zEgypt$xHistory.
650  0$aWeaving$zEgypt$xHistory.
650  0$aTextile fabrics$zEgypt.
650  0$aTextile industry$zEgypt.
651  0$aEgypt$xAntiquities.
830  0$aUntersuchungen zur Geschichte und Altertumskunde Ägyptens ;$vBd. 8.
988   $a20020608
906   $0OCLC

