LEADER 00933cam a2200265 a 4500
001 004001054-6
005 20020606095253.2
008 811002s1972    uy       b   f000 0 spa  
010   $a   81184328 //r90
035 0 $aocm10430980
040   $aDLC$cDLC$dOCL$dHLS
043   $as-uy---
050 00$aHC232$b.B38 1972
082 00$a306/.09895$219
100 1 $aBauzá, Francisco,$d1849-1899.
245 10$aEstudios sociales y económicos /$cFrancisco Bauzá ; prólogo de Juan E. Pivel Devoto.
260   $aMontevideo :$bMinisterio de Educación y Cultura,$c1972.
300   $a2 v. ;$c20 cm.
440  0$aBiblioteca Artigas.$pColección De clásicos uruguayos ;$vv. 140-141
504   $aIncludes bibliographical references.
505 0 $at. 1. Selección de discursos -- t. 2. Estudios sociales y económicos.
651  0$aUruguay$xEconomic conditions.
651  0$aUruguay$xSocial conditions.
988   $a20020608
906   $0DLC

