LEADER 00871cam a2200241Ia 4500
001 004001055-4
005 20020606095253.2
008 840224c19251921nyu           000 0 eng d
035 0 $aocm10454597
040   $aOKC$cOKC$dOCL$dHLS
043   $as-gy---
050  4$aQH125$b.B35 1925.
090   $aQH125$b.B35 1925
100 1 $aBeebe, William,$d1877-1962.
245 10$aEdge of the jungle /$cby William Beebe.
260   $aGarden City, N.Y. :$bGarden City Pub. Co.,$c1925, c1921.
300   $a303 p. ;$c21 cm.
500   $a"Republished from the Atlantic monthly, Harper's magazine and House and garden."--Note.
650  0$aNatural history$zGuyana.
650  0$aZoology$zGuyana.
776 08$iOnline version:$aBeebe, William, 1877-1962.$tEdge of the jungle.$dGarden City, N.Y. : Garden City Pub. Co., 1925, ©1921$w(OCoLC)551312557
988   $a20020608
906   $0OCLC

