LEADER 00500cam a2200181L  4500
001 004001056-2
005 20020606095253.2
008 830411s1965    bu            000 1 eng  
010   $a   66007231 
035 0 $aocm10461084
040   $aDLC$cMNU$dm/c$dHLS
050 0 $aPZ4.B295$bBe
100 1 $aBarukh, Viktor.
245 10$aBeyond the law$c[by] Victor Barouh. Translated by Elena Mladenova.
260   $aSofia,$bForeign Languages Press,$c1965.
300   $a424 p.$c21 cm.
988   $a20020608
906   $0DLC

