LEADER 00958cam a2200241K  4500
001 004001057-0
005 20050324091102.0
008 840228s1881    enk           000 0 lat d
035 0 $aocm10465792
040   $aCIN$cCIN$dm/c$dOCL$dHLS
090   $aPA6111.P5$bB4 bk. 3-4, 1881
100 0 $aBede,$cthe Venerable, Saint,$d673-735.
240 10$aHistoria ecclesiastica gentis Anglorum.$f1881
245 10$aHistoriae ecclesiasticae gentis anglorum,$nlibri III, IV.$cBy John E.B. Mayor ... and J.R. Lumby ...
260   $aCambridge [Eng.]$bThe University Press,$c1881$g(1912 printing)
300   $axx, 484 p.$c18 cm.
440  0$aPitt press series.$p[Latin authors]
500   $aAt head of title: Bedae.
500   $a"Reprinted ... from the plates of the revised edition of 1881, 1912."
700 1 $aMayor, John E. B.$q(John Eyton Bickersteth),$d1825-1910,$eed.
700 1 $aLumby, J. Rawson$q(Joseph Rawson),$d1831-1895.
988   $a20020608
906   $0OCLC

