LEADER 00696nam a2200217I  4500
001 004001059-7
005 20070901105657.0
008 840315s1958    be abf   b    000 0 fre  
010   $a   58048084 
035 0 $aocm10526232
040   $aDLC$cCLA$dHTV
050 0 $aDS259$b.U4
050 0 $aDS259$b.U4 1958
100 2 $aUllens de Schooten, Marie-Theŕèse,$cBaroness,$d1905-1989.
245 10$aIran! Éternel Iran!$bDe la mer Caspienne au golfe Persique.$cPréf. de André Godard.
260   $a[Bruxelles]$bElsevier$c[1958]
300   $a141 p.$bmounted col. illus., plates, maps.$c28 cm.
504   $aBibliography: p. 131-133.
651  0$aIran$xPictorial works.
988   $a20020608
906   $0DLC

