LEADER 00786nam a2200217Ia 4500
001 004001060-0
005 20090712174413.0
008 840319s1867    nyua   j      000 0 eng d
035 0 $aocm10537266
040   $aTYC$cTYC$dm/c$dHLS
090   $aGV481$b.B4 1867
100 1 $aBeecher, Catharine Esther,$d1800-1878.
245 10$aPhysiology and calisthenics :$bfor schools and families /$cby Catharine E. Beecher.
260   $aNew York :$bHarper,$c1867.
300   $aviii, [9]-193, vi, [7]-58 p. :$bill. ;$c18 cm.
500   $a"Calisthenic exercises" has special t.-p. and separate paging (vi, [7]-58 p.)
650  0$aCalisthenics.
650  0$aPhysiology$vJuvenile literature.
700 12$aBeecher, Catharine Esther,$d1800-1878.$tCalisthenic exercises.
988   $a20020608
906   $0OCLC

