LEADER 00657nam a2200205Ia 4500
001 004001061-9
005 20020606095253.2
008 840321s1871    onc           000 1 eng d
010   $anuc87340355 
035 0 $aocm13850706
035 0 $aocm10546257
040   $aUND$cUND$dHLS
050  4$aPZ3.B3965$bD
100 1 $aBegg, Alexander,$d1839-1897.
245 10$aDot it down :$ba story of life in the Northwest /$cby Alexander Begg.
260   $aToronto :$bHunter, Rose,$c1871.
300   $aviii, 381 p. ;$c19 cm.
830  0$aWestern Americana, frontier history of the trans-Mississippi West, 1550-1900$vreel 44, no. 422.$5mic
988   $a20020608
906   $0OCLC

