LEADER 01402cam a2200289Ia 4500
001 004001062-7
005 00000000000000.0
008 840321s1681    enk           000 0 eng d
035 0 $aocm10547586
040   $aUMI$cUMI$dHHG
043   $ae-uk-en
090   $aBX5201$b.B37
100 1 $aBarret, John,$d1631-1713.
245 12$aA reply to the Reverend Dean of St. Pauls's reflections on the Rector of Sutton &c. :$bwherein the principles and practices of the non-conformists are not only vindicated by Scripture, but by Dr. Stillingfleet's Rational account, as well as his Irenicum, as also by the writings of the Lord Faulkland, Mr. Hales, Mr. Chillingworth &c. /$cby the same hand ; to which is added St. Paul's work promoted, or, proper materials drawn from The true and only way of concord ... and other late writings of Mr. Richard Baxter ...
260   $aLondon :$bPrinted by J.D. to be sold by Richard Janeway,$c1681.
300   $a127 p.
500   $aSigned on p. 56 (i.e. 96): John Barrett.
500   $aAlso attributed to Vincent Alsop.
500   $aErrata: p. 127.
510 4 $aWing$cB910B.
600 10$aStillingfleet, Edward,$d1635-1699.
600 10$aChillingworth, William,$d1602-1644.
650  0$aDissenters, Religious$zEngland.
830  0$aEarly English books online.$5net
830  0$aEarly English books, 1641-1700 ;$v1395:19.$5mic
988   $a20020608
906   $0OCLC

