LEADER 01088nam a2200277I  4500
001 004001063-5
005 20020606095253.2
008 840322s1879    gw            000 0 ger  
010   $a   04021844 
035 0 $aocm10549008
040   $aDLC$cDRB$dm/c$dHLS
050 0 $aPN6404$b.B4
100 1 $aBebel, Heinrich,$d1472-1518.
245 00$aHeinrich Bebel's Proverbia germanica.$cBearbeitet von Dr. W.H.D. Suringar.
246 3 $aProverbia germanica.
260   $aLeiden,$bE.J. Brill,$c1879.
300   $alvi, 615 p.$c23 cm.
500   $aHalf-title: Proverbia germanica collecta atque in latinum traducta per Henricum Bebelium.
504   $aBibliography: p. xxiii-xxv, xlix-lvi.
650  0$aProverbs.
650  0$aProverbs, German.
700 1 $aSuringar, Willem H. D.$q(Willem Hendrik Dominicus),$d1805-1895,$eed.
700 1 $aSuringar, Willem H. D.$q(Willem Hendrik Dominicus),$d1805-1895,$eeditor.
776 08$iOnline version:$aBebel, Heinrich, 1472-1518.$tHeinrich Bebel's Proverbia germanica.$dLeiden, E.J. Brill, 1879$w(OCoLC)587240229
988   $a20020608
906   $0DLC

