LEADER 00596nam a2200217I  4500
001 004001064-3
005 20020606095253.2
008 840322s1969    it            000 0 ita  
010   $a   70412583 
015   $aIt69-Feb
035 0 $aocm10550868
040   $aDLC$cTJC$dm/c$dHLS
050 0 $aB794$b.B64
100 1 $aBausola, Adriano.
245 10$aIndagini di storia della filosofia.$bDa Leibniz a Moore.
260   $aMilano,$bVita e pensiero,$c1969.
300   $a327 p.$c21 cm.
504   $aBibliographical footnotes.
650  0$aPhilosophy, Modern$xHistory.
988   $a20020608
906   $0DLC

