LEADER 01037nam a2200253K  4500
001 004001065-1
005 20020606095253.2
008 840322r19471934nyu           000 0 eng d
035 0 $aocm10551440
040   $aCLA$cCLA$dHLS
090   $aE170$b.B32 1934
100 1 $aBeard, Charles Austin,$d1874-1948.
245 14$aThe rise of American civilization,$cby Charles A. Beard & Mary R. Beard; decorations by Wilfred Jones.
250   $aNew ed.,$btwo volumes in one, rev. and enl.
260   $aNew York,$bMacmillan$c[1947]
300   $axviii, 824, 865 p. incl. front.$c22 cm.
500   $a"Revised ... edition with additional material, published February 1934; reprinted ... September 1947."
500   $aTwo additional volumes later published separately: America in midpassage (v. 3) and The American spirit (v. 4)
505 0 $aThe agricultural era.--The industrial era.
651  0$aUnited States$xCivilization.
651  0$aUnited States$xHistory.
700 1 $aBeard, Mary Ritter,$d1876-1958.
988   $a20020608
906   $0OCLC

