LEADER 01491nam a2200241Ia 4500
001 004001066-X
005 20070719153510.0
008 840323s1669    enk      b    001 0 eng  
010   $a   29000047 
035 0 $aocm10554976
040   $aDLC$cGUB$dGUB$dm/c$dHVL
043   $ae-uk---
090   $aKD6850$b.P79
100 1 $aPrynne, William,$d1600-1669.
245 10$aBrief animadversions on amendments of, & additional explanatory records to, the Fourth part of the Institvtes of the lawes of England :$bconcerning the jvrisdiction of courts, compiled by the late famous lawyer, Sir Edward Cooke, Knight (Chief Justice of both benches) in his life-time, but published and re-printed (with some disadvantage) since his death : wherein the misquotations, mistakes of records, antiquities cited in them, are rectified, some doubtful passages explained, and many ommissions of vsefull records supplyed ... the transcripts of which records out of the originals, are at large inserted, many others chronologically and briefly quoted : with tables thereunto ... /$cby William Prynne.
260   $aLondon :$bPrinted for T. Ratliffe, and T. Daniel, for A. Crooke W. Leake, A. Roper, [etc.],$c1669.
300   $a[16], 423, [68] p. ;$c30 cm.
504   $aIncludes bibliographical references and index.
510 4 $aWing$cP3905
650  0$aCourts$zGreat Britain.
700 1 $aCoke, Edward,$cSir,$d1552-1634.$tFourth part of the Institutes of the laws of England.
988   $a20020608
906   $0DLC

