LEADER 00575nam a2200181K  4500
001 004001067-8
005 20020606095253.2
008 840328s1931    nyua          000 0 eng d
035 0 $aocm10570693
040   $aAAU$cAAU$dHLS
100 1 $aBedacht, Max,$d1883-1972.
245 10$aAnti-soviet lies and the five-year plan;$bthe "Holy" capitalist war against the Soviet Union.
260   $aNew York,$bPublished for Daily Worker, by Workers Library Pub.$c[pref. 1931]
300   $a128 p.$billus.$c15 cm.
650  0$aSocialism.
650  0$aCapitalism.
988   $a20020608
906   $0OCLC

