LEADER 00930nam a2200205K  4500
001 004001069-4
005 20020606095253.2
008 840403s1940    ag ah    b    000 0 spa d
035 0 $aocm10590747
040   $aHarvard univ. Library$cIQU$dHLS
100 1 $aBecu, Teodoro,$d1890-1946,$ecomp.
245 10$aCatalogo de la exposición del libro,$bque se celebra en la ciudad de Buenos Aires bajo los auspicios del Ministerio de justicia e instrucción pública para conmemorar el quinto centenario ed la invención de la imprenta,$cpor Teodoro Becu.
260   $aBuenos Aires:$b[G. Kraft ltda.],$c1940.
300   $a4 p.l., xi-xlvii, 273, [1] p.:$bfront. (col. port.) ill., facsims.;$c22 cm.
504   $a"Bibliografía": p. 199-222.
650  0$aPrinting$xExhibitions.
650  0$aPrinting$xHistory$xCelebrations of invention.
710 1 $aArgentina.$bMinisterio de Justicia e Instrucción Pública.
988   $a20020608
906   $0MH

