LEADER 00608nam a2200205K  4500
001 004001071-6
005 20020606095253.2
008 840409s1968    gw       b    000 0 ger d
035 0 $aocm10608938
040   $aBMU$cBMU$dHLS
090   $aDS706$b.B39
100 1 $aBauer, Wolfgang,$d1930-
245 10$aChinas Vergangenheit als Trauma und Vorbild.
260   $aStuttgart,$bW. Kohlhammer$c[1968]
300   $a100 p.$c18 cm.
490 0 $aLebendiges Wissen. [Stuttgart. Neue Reihe]
504   $aBibliographical references included in "Anmerkungen" (p. 85-98)
651  0$aChina.
988   $a20020608
906   $0OCLC

