LEADER 00748nam a2200217Ia 4500
001 004001073-2
005 20020606095253.2
008 840416s1953    at c          000 0 eng  
010   $a   54028101 /L
035 0 $aocm10631431
040   $aDLC$cIXA$dIXA$dHLS
050 0 $aPR6003.E25$bA7
100 1 $aBeard, William.
245 10$aAdventures perilous :$ba narrative in verse of the exploits of Surgeon George Bass /$cby William Beard.
260   $a[Sydney :$bW. Beard,$c1953?]
300   $a41 p. :$bport. ;$c24 cm.
500   $aCover title.
500   $a"One hundred copies for sale and twenty-five for presentation have been privately printed by the author"--P. [2]
600 10$aBass, George,$d1771-1803$vPoetry.
988   $a20020608
906   $0DLC

