LEADER 00718nam a2200229Ia 4500
001 004001074-0
005 20020606095253.2
008 840416s1936    at            000 0 eng d
035 0 $aocm10632111
040   $aIXA$cIXA$dHLS
050  4$aHQ755.3.B37$bN38 1936
090   $aHQ755.3.B37$bN38 1936
100 1 $aBaylebridge, William,$d1887-1942.
245 10$aNational notes /$cby William Baylebridge.
250   $a3rd ed.
260   $aSydney :$bTallabila Press,$c1936.
300   $a64 p. ;$c24 cm.
500   $aFirst and second editions pub. and circulated privately. Cf. p. 5.
650  0$aEugenics$xMoral and ethical aspects.
650  0$aNationalism$xMoral and ethical aspects.
988   $a20020608
906   $0OCLC

