LEADER 00723cam a2200229I  4500
001 004001075-9
005 20020606095253.2
008 840416s1809    pau    b      000 0 eng  
010   $anuc87701322 
035 0 $aocm15448884
035 0 $aocm10634401
040   $aDLC$cLYU$dSER$dHVL
050 10$aE310$b.Y91 copy 2
050 0 $aJR3681$b.R4
245 00$aReflections upon the administration of justice in Pennsylvania.$cBy a citizen.
260   $aPhiladelphia:$bPublished by Hopkins and Earle.$bFry and Kammerer, Printers,$c1809.
300   $a66 p.$c24 cm.
650  0$aJustice, Administration of$zPennsylvania.
651  0$aPennsylvania$xPolitics and government.
700 0 $aA citizen.
988   $a20020608
906   $0DLC

