LEADER 00549nam a2200193K  4500
001 004001076-7
005 20020606095253.2
008 840418s1920    nyua          000 0aeng d
035 0 $aocm10642837
040   $aLYU$cLYU$dHLS
100 1 $aBeers, Clifford Whittingham,$d1876-1943.
245 02$aA mind that found itself;$ban autobiography.
250   $a4th ed.
260   $aNew York [etc.]$bLongmans, Green and Co.,$c1920.
300   $a407 p.$billus.$c19 cm.
650  0$aInsanity (Law)
650  0$aMentally ill$xCare.
988   $a20020608
906   $0OCLC

