LEADER 00827cam a2200253Ia 4500
001 004001077-5
005 20020606095253.2
008 840430s1861    nyu           000 0 eng d
035 0 $aocm10673578
040   $aBAI$cBAI$dm/c$dWIH$dHLS
043   $an-us---
050  4$aE458.1$b.B3x
090   $aE458.1$b.B3x
100 1 $aBeecher, Henry Ward,$d1813-1887.
245 10$aCivil War :$bits causes, its consequences, its crimes and its compromises /$cby H.W. Beecher and Archbishop Hughes.
260   $aNew York :$bR. Vose,$cc1861.
300   $a37 p. ;$c21 cm.
650  0$aAntislavery movements$zUnited States.
650  0$aAfrican Americans$xHistory.
651  0$aUnited States$xHistory$yCivil War, 1861-1865$xCauses.
655  7$aHistory.$2fast
700 1 $aHughes, John,$d1797-1864.
988   $a20020608
906   $0OCLC

