LEADER 00735nam a2200217I  4500
001 004001078-3
005 20020606095253.2
008 840430s1827    fr a          000 0 fre  
010   $a   29006326 
035 0 $aocm10673591
040   $aDLC$cEEM$dHVL
050 0 $aHG8665$b.L8 1827
100 1 $aLucas, Ch.$q(Charles),$d1803-1889.
245 10$aDu système pénal et du système répressif en général,$bde la peine de mort en particulier.$cPar M. Charles Lucas...Ouvrage couronné à Genève et à Paris.
260   $aParis :$bC. Béchet,$c1827.
300   $alxxxiii, 424, [2] p. :$bfold. tables ;$c21 cm.
650  0$aPunishment.
650  0$aCapital punishment.
650  0$aCriminal law$zFrance.
988   $a20020608
906   $0DLC

