LEADER 00508nam a2200169K  4500
001 004001079-1
005 20020606095253.2
008 840515q19001984fr ac         000 0 fre d
035 0 $aocm10732818
040   $aDRB$cDRB$dHLS
100 1 $aBataille, Henry,$d1872-1922.
245 10$aMaman Colibri.$bL'enchantement.$cIlustrations d'après les dessins de René Prinet.
246 3 $aEnchantement.
260   $aParis,$bA. Fayard$c[19--?]
300   $a126 p.$bfront. (port.) illus.$c25 cm.
988   $a20020608
906   $0OCLC

