LEADER 00727nam a2200205Ia 4500
001 004001080-5
005 20090712174413.0
008 840517s1917    fr abc        000 0 fre d
035 0 $aocm10742860
040   $aMHR$cMHR$dHLS
043   $ae-be---
090   $aD542.Y8$bB3
245 03$aLa bataille de l'Yser :$bcommêmoration solennelle de son deuxième anniversaire (Le Havre, 29 Octobre 1916) /$cavant-propos de Henry Carton de Wiart.
260   $aParis :$bBerger-Levrault,$c1917.
300   $a95 p. :$bill., map, ports. ;$c21 cm.
650  0$aYser, Battle of the, Belgium, 1914.
650  0$aWorld War, 1914-1918$xCampaigns$zBelgium.
700 1 $aCarton de Wiart, Henry,$cComte,$d1869-1951.
988   $a20020608
906   $0OCLC

