LEADER 00674nam a2200205Ia 4500
001 004001081-3
005 20020606095253.2
008 840517s1874    nyub          000 0 eng d
035 0 $aocm10743298
040   $aUCW$cUCW$dHLS
043   $an-us-ct
090   $aG1243.M5$bB4 1874
100 1 $aBeers, F. W.$q(Frederick W.)
245 10$aCounty atlas of Middlesex, Connecticut :$bfrom actual surveys /$cby and under the direction of F.W. Beers.
260   $aNew York :$bF.W. Beers & Co.,$c1874.
300   $a1 atlas (144 p.) :$bchiefly col. maps (some folded) ;$c41 cm.
651  0$aMiddlesex County (Conn.)$xMaps.
710 2 $aF.W. Beers & Co.
988   $a20020608
906   $0OCLC

