LEADER 00661nas a2200229Ia 4500
001 004001082-1
005 20020606095253.2
008 840517u19509999mx uu p       0   a0spa d
016 7 $aSR0050800$2DNLM
035 0 $aocm10743891
040   $aHUC$cHUC$dHMS
043   $an-mx---
090   $aR21$b.A5
245 00$aAnales de ars medici /$cSociedad Ars Medici.
260   $aMexico, D. F. :$bSociedad Ars Medici,$c1950-
300   $av. :$bill. ;$c23 cm.
362 0 $aVol.1, núm.1 (Oct. 1950)- .
650  0$aMedicine$zMexico$vPeriodicals.
650  0$aJewish physicians$zMexico$vPeriodicals.
710 2 $aSociedad Ars Medici.
988   $a20020608
906   $0OCLC

