LEADER 02588nam a2200385Ia 4500
001 004001083-X
005 20020606095253.2
008 840523s1745    enk           000 0 eng  
010   $a   09033769 
035 0 $aocm10764869
040   $aDLC$cIXA$dIXA$dm/c$dHVL
041 1 $aeng$hfre
043   $ae------
050 0 $aJN3233$b.N4
100 1 $aNecker, Karl Friedrich,$dactive 1745.
240 00$aDescription du gouvernement présent du corps germanique.$lEnglish
245 14$aThe constitution and government of the Germanic body. :$bShewing how this state has subsisted for three hundred years past, under the emperors of the house of Austria ... : Compiled from the fundamental laws of Germany; the histories of the empire, and the best authorities. : Translated from the original.
260   $aLondon: :$bPrinted for J. Nourse ...,$c1745.
300   $a[4], x, 293, [1] p. ;$c20 cm. (8vo)
500   $aTranslation of Description du gouvernement présent du corps germanique compiled by Carl Friedrich Necker and translated by Stephen Whatley.
500   $aContents: (from t.p.) I. The dignity, rights, prerogatives, and qualifications of the emperor and the electors. -- II. The election and coronation of the emperor ... -- III. The election of the King of the Romans. --IV. The ban of the empire, and the manner of deposing an emperor. -- V. The vicars of the empire ... -- VI. The evangelic body; and it's right to protect all those of the empire, who suffer for the Protestant cause.
500   $aVerso of half-title (prelim. p. [2]) and verso of title-page (prelim. p. [4]) are blank.
500   $aAdvertisement: p. [1] at end.
500   $aHead-piece, tail-pieces, and initial.
510 4 $aESTC$ct068537
510 4 $aSowerby, E.M. Cat. of the lib. of Thomas Jefferson,$c272
505 0 $aFrom t. p.) I. The dignity, rights, prerogatives, and qualifications of the emperor and the electors -- II. The election and coronation of the emperor ... -- III. The election of the King of the Romans -- IV. The ban of the Empire and the manner of deposing an emperor -- V. The vicars of the Empire ... -- VI. The evangelic body, and it's right to protect all those of the Empire who suffer for the Protestant cause.
610 10$aHoly Roman Empire.$tConstitution.
651  0$aHoly Roman Empire$xPolitics and government$vEarly works to 1800.
650  0$aConstitutional history$zHoly Roman Empire.
651  0$aHoly Roman Empire$xPolitics and government.
700 1 $aWhatley, Stephen.
752   $aEngland$dLondon.
988   $a20020608
906   $0DLC

