LEADER 01640cam a2200301Ia 4500
001 004001085-6
005 20020606095253.2
008 840529s1655    it ac         000 0 lat d
035 0 $aocm10781568
040   $aVYS$cVYS$dm/c$dHHG
050  4$aBX3604$b.A2 1655
090   $aBX3604$b.A2 1655
100 2 $aAlva y Astorga, Pedro de,$d-1667.
245 10$aIndiculus bullarii seraphici :$bvbi litterae omnes apostolicae, quæ à principio religionis minorum, à summis Ecclesiæ pontificibus, pro tota seraphica S.P.N. Francisci familia : tam in communi, quàm in particulari, hucusq[ue] expeditæ fuerunt, breuiter recensentur : e regestis summorum pontificum, Archivijs Vaticani, Typographia Camerali, Romanæ Curiæ monumentis, religionis protocolis, varijsque totius Italiæ bibliothecis, ac denique diuersis libris, tam impressis, quam manuscriptis codicibus, extractæ, collectæ, ac dispositæ /$cper admodum reuerendum patrem Fr. Petrum de Alva et Astorga ..., totius Ordinis Minorum Procuratorem Generalem.
246 3 $aBullarii seraphici.
260   $aRomæ :$bEx Typographia Reu. Cameræ Apost.,$c1655.
300   $a2 v. ([20], 376, 376 p.) :$bill., port. ;$c22 cm. (4to)
500   $aSignatures: v.1, [a]⁴, b⁶, A-3A⁴; v.2, A-3A⁴
500   $aTitle vignette; tail pieces; initials.
500   $aPortrait of Pope Alexander VIII.
510 4 $aNUC pre-1956$c10:649
610 20$aFranciscans$xHistory$xSources$xIndexes.
650  0$aBulls, Papal$xIndexes.
655  7$aHistory.$2fast
655  7$aIndexes.$2fast
710 2 $aCatholic Church.$bPope.$tBullarium Franciscanum.
988   $a20020608
906   $0OCLC

