LEADER 01113nam a2200301I  4500
001 004001087-2
005 20120531084300.0
008 840531s1965    it       b    000 0 ita d
035 0 $aocm10792717
040   $aIAY$cIAY$dHLS
043   $ae------
050  4$aHV8661$b.B2 1965
090   $aHV8661$b.B2 1965
100 1 $aBeccaria, Cesare,$cmarchese di,$d1738-1794.
245 10$aDei delitti e delle pene.$bCon una raccolta di lettere e documenti relativi alla nascita dell'opera e alla sua fortuna nell'Europa del Settecento.$cA cura di Franco Venturi.
260   $a[Torino]$bE. Einaudi,$c1965.
300   $axxxviii, 680 p.
490 1 $aNuova universale Einaudi,$v57
504   $aIncludes bibliographical references.
650  0$aCriminal law.
650  0$aPunishment.
650  0$aLaw reform.
700 1 $aVenturi, Franco,$eed.
700 1 $aVenturi, Franco,$eeditor.
776 08$iOnline version:$aBeccaria, Cesare, marchese di, 1738-1794.$tDei delitti e delle pene.$d[Torino] E. Einaudi, 1965$w(OCoLC)551433301
830  0$aNuova universale Einaudi ;$v57.
988   $a20020608
906   $0OCLC

