LEADER 00670nam a2200205Ka 4500
001 004001088-0
005 20020606095253.2
008 840604s1847    gw            000 0 ger d
035 0 $aocm10803182
040   $aSYB$cSYB$dm/c$dHVL
041 0 $agerlatfregrc
043   $ae-gx---
100 1 $aPfaff, Karl,$d1795-1866.
245 10$aGeschichte des Pfalzgrafen-Amtes nach seiner Entstehung und Bedeutung /$cdargestellt von Carl Pfaff.
260   $aHalle :$bBei Eduard Anton,$c1847$f(Ed. Heynemann)
300   $ax, 102 p. ;$c22 cm.
500   $aIncludes quotations in Latin, French and Greek.
504   $aIncludes bibliographical footnotes.
988   $a20020608
906   $0OCLC

