LEADER 00964nam a2200253I  4500
001 004001089-9
005 20020606095253.2
008 840605s1823    fr c          000 0 fre d
035 0 $aocm10808043
040   $aIAY$cIAY$dm/c$dHLS
041 1 $afre$hita
050  4$aHV8661$b.B33
090   $aHV8661$b.B33
100 1 $aBeccaria, Cesare,$cmarchese di,$d1738-1794.
240 10$aDei delitti e delle pene.$lFrench
245 10$aDes délits et des peines /$cTraduit de l'italien par J.A.S. Collin de Plancy.
260   $aParis :$bC. de Plancy,$c1823.
300   $axliii, 467 p.$bport.
650  0$aPunishment.
700 2 $aCollin de Plancy, J.-A.-S.$q(Jacques-Albin-Simon),$d1794-1881,$etr.
700 1 $aCollin de Plancy, J.-A.-S.$q(Jacques-Albin-Simon),$d1794-1881,$etranslator.
776 08$iOnline version:$aBeccaria, Cesare, marchese di, 1738-1794.$tDes délits et des peines.$dParis, C. de Plancy, 1823$w(OCoLC)719407666
988   $a20020608
906   $0OCLC

