LEADER 00548nam a2200193I  4500
001 004001090-2
005 20020606095253.2
008 840607s1792    it            000 0 lat d
035 0 $aocm10816730
040   $aBOL$cBOL$dHVL
090   $aKBD226$b.N36
100 1 $aNapulioni, Heironymus.
245 10$aEnarratio in titulum Codicis de vectigalibus et commissis.
260   $aRomae :$bex typographia A. Casaletti,$c1792.
300   $axxvi, [1] p. ;$c25 cm.
650  0$aRent (Roman law)
650  0$aPublic lands$zRome.
988   $a20020608
906   $0OCLC

