LEADER 00706nam a2200205Ii 4500
001 004001091-0
005 20020606095253.2
008 840612s1844    gw       b    001 0 ger d
035 0 $aocm10836194
035 0 $aocm10836194$zocm22553668
040   $aBOL$cBOL$dHVL
090   $aKBD100$b.R45
100 1 $aRein, Wilhelm,$d1809-1865.
245 14$aDas Criminalrecht der Römer von Romulus bis auf Justinianus :$bein Hülfsbuch zur Erklärung der Classiker und der Rechtsquellen ... /$cvon Wilhelm Rein.
260   $aLeipzig :$bKöhler,$c1844.
300   $axxii, 936 p. ;$c22 cm.
504   $aIncludes bibliographical references and index.
650  0$aCriminal law (Roman law)
988   $a20020608
906   $0OCLC

