LEADER 00577cam a2200205I  4500
001 004001092-9
005 20070901105657.0
008 840614s1967    wiua          000 0 eng d
010   $a   56009307 
035 0 $aocm10843790
040   $aFJS$cFJS$dOUB$dHTV
100 1 $aWatrous, James,$d1908-
245 14$aThe craft of old-master drawings.
260   $aMadison :$bUniversity of Wisconsin Press,$c1967.
300   $axiii, 170 p. :$billus. ;$c27 cm.
650  0$aDrawing$xStudy and teaching.
650  0$aDrawing$xHistory.
650  0$aDrawing.
988   $a20020608
906   $0OCLC

