LEADER 01238nam a2200241I  4500
001 004001093-7
005 20050929175655.0
008 840622q19501959ru ac         000 0 eng d
035 0 $aocm10874080
040   $aKSW$cKSW$dHLS
090   $aPG3476.B34$bM33
100 1 $aBazhov, P. P.$q(Pavel Petrovich),$d1879-1950.
240 10$aMalakhitovai︠a︡ shkatulka.$lEnglish
245 10$aMalachite casket;$btales from the Urals.$c[Translated from the Russian by Eve Manning]
260   $aMoscow,$bForeign Languages Publishing House,$c[195-]
300   $a249 p.$bcol. illus., port.$c26 cm.
440  0$aLibrary of selected Soviet literature
500   $aAdded t.-p. in Russian.
505 0 $aThe mistress of the copper mountain -- The malachite casket -- The flower of stone -- The mountain craftsman -- A fragile twig -- That spark of life -- Shelezko's covers -- The bailiff's bootsoles -- Sochen's gems -- Cat's ears -- The great serpent -- The serpent's trail -- Zhabrei's path -- The dancing fire maid -- The blue snake -- The key to the earth -- The blue crone's spring -- Silver hoof -- That dear name -- The eagle's feather.
650  0$aTales$zRussia (Federation)
700 1 $aManning, Eve,$etr.
988   $a20020608
906   $0OCLC

