LEADER 00718nam a2200217Ii 4500
001 004001094-5
005 20020606095253.2
008 840706s1815    au       b    000 0 ger d
035 0 $aocm10922290
040   $aBOL$cBOL$dHVL
090   $aBQV349$b.R42
100 1 $aRechberger, Georg,$d1758-1808.
245 10$aHandbuch des österreichischen Kirchenrechts /$cvon Georg Rechberger.
250   $a3. mit Rücksicht auf das neue bürgerliche Gesetzbuch bearb. und verm. Aufl.
260   $aLinz :$bC. Haslinger,$c1815.
300   $a2 v. ;$c21 cm.
504   $aIncludes bibliographical references.
650  0$aEcclesiastical law$zAustria.
650  0$aCanon law$xHandbooks, manuals, etc.
988   $a20020608
906   $0OCLC

