LEADER 00521nam a2200169Ia 4500
001 004001095-3
005 20020606095253.2
008 840710s1847    gt            000 0 spa d
035 0 $aocm10933004
040   $aKFS$cKFS$dHVL
100 1 $aMolina, Pedro,$d1777-1854.
245 10$aIdeas de derecho público, presentadas a los alumnos de jurisprudencia de Guatemala /$cpor ... Pedro Molina.
260   $aGuatemala :$bImpr. de la Paz,$c1847.
300   $a[2], 41 p. ;$c16 cm.
650  0$aCivil law.
988   $a20020608
906   $0OCLC

