LEADER 00748cam a2200205K  4500
001 004001096-1
005 20020606095253.2
008 840713s1965    it a     b    000 0 ita d
035 0 $aocm10943926
040   $aDRB$cDRB$dCUY$dHLS
090   $aZ2341$b.B4
100 1 $aBeccaro, Felice del.
245 10$aLetteratura italiana :$bnote critico-bibliografiche, 1945-1964.
250   $a1 ed.
260   $aParigi :$bInstituto italiano di cultura,$c1965.
300   $a240 p.$billus.$c22 cm.
500   $a"La presente bibliografia è stata pubblicata a puntate, fatta esclusione per il Novecento, nel Notiziario culturale italiano dell'Istituto italiano di cultura di Parigi".
650  0$aItalian literature$vBibliography.
988   $a20020608
906   $0OCLC

