LEADER 00595nam a2200193K  4500
001 004001097-X
005 20020606095253.2
008 840731s1923    njua          000 0 eng d
035 0 $aocm11004764
040   $aDRB$cDRB$dHLS
090   $aQC182$b.B391r
100 1 $aBeebe, Ralph Alonzo,$d1898-
245 12$aA rapid method for the determination of heats of adsorption and some values for hydrogen on nickel and copper ...$cby Ralph Alonzo Beebe.
260   $a[Princeton?$c1923]
300   $a12 p.$bdiagrs.
500   $aCover-title.
650  0$aHeat of adsorption.
988   $a20020608
906   $0OCLC

