LEADER 00804cas a2200241Ia 4500
001 004001098-8
005 20020606095253.2
008 840808d19301931nyuqr p       0   a0eng d
016 7 $aA24980000$2DNLM
035 0 $aocm11034084
035 0 $aocm11034084$zocm01480193
040   $aMDU$cMDU$dOCL$dNSD$dHMS
245 00$aAmerican journal of stomatology and odontology.
260   $aNew York :$bStomatologic Reference Library,$c1930-1931.
300   $av. :$bill. ;$c24 cm.
310   $aQuarterly
362 0 $aVol. 3, no. 3 (Apr. 1930)-v. 4, no. 3 (Apr. 1931).
650  0$aOral medicine$vPeriodicals.
650  0$aDentistry$vPeriodicals.
650  2$aDentistry$xperiodicals.
780 00$tAmerican journal of stomatology$x1057-0446$w(DLC)sn 91000270$w(OCoLC) 11034097
988   $a20020608
906   $0OCLC

