LEADER 01001cas a2200325 a 4500
001 004001099-6
005 20020606095253.2
008 840808d19291930nyuqr1p       0   a0eng d
010   $asn 91000270 
016 7 $aA24980000$2DNLM
022 0 $a1057-0446
035 0 $aocm11034097
035 0 $aocm11034097$zocm02257361
040   $aMDU$cMDU$dSER$dOCL$dNSD$dHMS
042   $ansdp$alcd
060 0 $aW1 AM522R
082 10$a616$212
210 0 $aAm. j. stomatol.
222  0$aAmerican journal of stomatology
245 00$aAmerican journal of stomatology.
260   $aNew York :$bStomatologic Reference Library,$c1929-1930.
300   $av. :$bill. ;$c24 cm.
310   $aQuarterly
362 0 $aVol. 3, no. 1 (Oct. 1929)-v. 3, no. 2 (Jan. 1930).
500   $aTitle from cover.
650  0$aOral medicine$vPeriodicals.
780 00$tAmerican stomatologist$w(OCoLC)11135548
785 00$tAmerican journal of stomatology and odontology$w(OCoLC)11034084
988   $a20020608
906   $0OCLC

