LEADER 01185nam a2200277Ia 4500
001 004001100-3
005 20020606095253.2
008 840809s1885    sp            000 0 spa d
035 0 $aocm11035892
040   $aNOC$cNOC$dm/c$dHHG
050  4$aPQ6217$b.T44 v. 11, no. 17
090   $aPQ6217$b.T44 v. 11, no. 17
100 1 $aHernandez, Isidoro,$d-1888.
245 10$aPrograma para yernos :$bjuguete cómico-lírico en un acto y en prosa /$cimitación del francés por Francisco de P. Altolaguirre ; música de Isidoro Hernández.
260   $aMadrid :$bEstab. tip. de M.P. Montoya,$c1885.
300   $a28 p. ;$c20 cm.
500   $aOn cover: Biblioteca Lírico-dramática.
500   $aImprint on cover: Madrid : E. Arregui, 1885.
500   $aNo. 17, in vol. 11 with binder's title: Teatro Español : serie A.
500   $aMusic not present.
500   $aNo. 19 in v. 1 of a collection of Spanish plays.
650  0$aMusical theater, Spanish$vTexts.
700 1 $aAltolaguirre, Francisco de P.
776 08$iOnline version:$aHernandez, Isidoro, -1888.$tPrograma para yernos.$dMadrid : Estab. tip. de M.P. Montoya, 1885$w(OCoLC)758742013
988   $a20020608
906   $0OCLC

