LEADER 01306nam a2200301Ia 4500
001 004001102-X
005 20070531180758.0
008 840809s1889    sp            000 0 spa d
035 0 $aocm11036203
040   $aNOC$cNOC$dHHG
050  4$aPQ6217$b.T44 v. 11, no. 19
090   $aPQ6217$b.T44 v. 11, no. 19
100 2 $aGonzález Palomares, Joaquín.
245 10$a!A Buenos Aires! :$bviaje cómico-lírico en un acto y seis cuadros /$coriginal de Manuel Altolaguirre y Narcisco Díaz de Escovar ; música del maestro González Palomares.
260   $aMálaga :$bTip. de Poch y Creixell,$c1889.
300   $a41 p. ;$c20 cm.
490 0 $aGalería lírico-dramática
500   $aNo. 19, in vol. 11 with binder's title: Teatro Español : serie A.
500   $aPublisher's name at head of cover-title: Administracion lirico-dramática.
500   $aAuthors' note on recto of leaf at end.
500   $aMusic not present.
500   $aNo. 11 in v. 2 of a collection of Spanish plays.
700 1 $aAltolaguirre, Manuel,$d1904-1959.
700 2 $aDíaz de Escovar, Narciso,$d1860-1935.
700 1 $aAltolaguirre, Manuel.
776 08$iOnline version:$aGonzález Palomares, Joaquín.$tA Buenos Aires!$dMálaga : Tip. de Poch y Creixell, 1889$w(OCoLC)758755109
988   $a20020608
906   $0OCLC

