LEADER 00512nam a2200181K  4500
001 004001103-8
005 20020606095253.2
008 840809s1954    ru ac         000 0 rus d
035 0 $aocm11038674
040   $aBOS$cBOS$dHLS
090   $aPG3948.S5$bZ5 F54
100 1 $aBatʹ, L.$q(Lidii︠a︡),$d1900-
245 00$aTaras Shevchenko.
260   $aMoskva,$bGos. izd-vo detskoĭ literatury,$c1954
300   $a284 p.$bfront., illus., ports.
600 10$aShevchenko, Taras,$d1814-1861.
988   $a20020608
906   $0OCLC

