LEADER 01118cam a2200265Ia 4500
001 004001104-6
005 20020606095253.2
008 840810s1878    sp            000 0 spa d
035 0 $aocm11042272
040   $aNOC$cNOC$dm/c$dHHG
050  4$aPQ6217$b.T44 v. 12, no. 9
090   $aPQ6217$b.T44 v. 12, no. 9
100 1 $aCaballero, M. F.$q(Manuel Fernández),$d1835-1906.
245 13$aLa banda del rey :$bzarzuela en tres actos y en verso /$coriginal de Emilio Alvarez ; música de Manuel Fernández Caballero y José Casares.
260   $aMadrid :$bImpr. de J. Rodríguez,$c1878.
300   $a93 p. ;$c20 cm.
500   $aOn cover: El Teatro. Coleccion de obras dramáticas y líricas.
500   $aImprint on cover: Madrid : Hijos de A. Gullon, 1878.
500   $aMusic not present.
500   $aNo. 2 in v. 2 of a collection of Spanish plays.
700 1 $aCasares, José.
700 1 $aAlvarez, Emilio,$d1833-1900.
776 08$iOnline version:$aCaballero, M.F. (Manuel Fernández), 1835-1906.$tBanda del rey.$dMadrid : Impr. de J. Rodríguez, 1878$w(OCoLC)758737964
988   $a20020608
906   $0OCLC

