LEADER 01194cam a2200265Ia 4500
001 004001105-4
005 20020606095253.2
008 840814s1863    sp            000 0 spa d
035 0 $aocm11052070
040   $aNOC$cNOC$dm/c$dHHG
041 1 $aspa$hfre
090   $aPQ6217$b.T443 v. 30, no. 14
100 1 $aAuber, D. F. E.$q(Daniel François Esprit),$d1782-1871.
245 10$aA partir con el diablo :$bópera cómica en tres actos /$cEugenio Scribe ; arreglada a la escena española por Emilio Alvarez ; música del maestro Aubert.
260   $aMadrid :$bCentro General de Administración,$c1863.
300   $a105 p. ;$c19 cm.
500   $aImprint on cover: Madrid : Impr. de C. González, 1863.
500   $aAn adaptation of Eugène Scribe's libretto for D.F. Auber's comic opera La part du diable.
500   $aAt head of cover-title: Centro general de administracion. Galería lirico-dramática.
500   $a"Catálogo de los señores Salas, Helguero y Gaztambide ..." (containing list of author's works) on last two leaves.
500   $aWithout the music.
700 1 $aScribe, Eugène,$d1791-1861.
700 1 $aAlvarez, Emilio,$d1833-1900.
988   $a20020608
906   $0OCLC

