LEADER 00531nam a2200181Ia 4500
001 004001106-2
005 20020606095253.2
008 840814s1858    sp            000 0 spa d
035 0 $aocm11052472
040   $aNOC$cNOC$dHHG
090   $aPQ6217$b.T44 v. 13, no. 8
100 1 $aAlvarez, Emilio,$d1833-1900.
245 10$aUno de tantos :$bcomedia en un acto, en verso /$coriginal de Emilio Alvarez.
260   $aMadrid :$bImpr. de J. Rodríguez,$c1858.
300   $a35 p. ;$c19 cm.
490 0 $aEl Teatro
988   $a20020608
906   $0OCLC

