LEADER 00707nam a2200205Ia 4500
001 004001107-0
005 20020606095253.2
008 840814s1910    sp            000 0 spa d
035 0 $aocm11052614
040   $aNOC$cNOC$dHHG
090   $aPQ6217$b.T44 v. 13, no. 9
100 2 $aAlvarez Díaz, Jesús.
245 10$aMisericordia y maldad :$bdrama en un acto y en prosa /$coriginal de Jesús Alvarez Díaz y Luis Martel.
260   $aMadrid :$bR. Velasco [impresor],$c1910.
300   $a27 p. ;$c27 cm.
500   $aImprint on cover: Madrid : Sociedad de Autores Españoles, 1910.
500   $aNo. 8 in v. 2 of a collection of Spanish plays.
700 1 $aMartel, Luis,$d1875-
988   $a20020608
906   $0OCLC

