LEADER 00826nam a2200217Ia 4500
001 004001108-9
005 20020606095253.2
008 840814s1906    sp            000 0 spa d
035 0 $aocm11052951
040   $aNOC$cNOC$dHHG
090   $aPQ6217$b.T44 v. 13, no. 11
100 2 $aLópez Debesa, Zacarías.
245 13$aLa rogativa :$bboceto lírico-dramático de costumbres aragonesas, en un acto y cuatro cuadros /$coriginal de Julio Alvarez Arazuri ; música del maestro Zacarías López Debesa.
260   $aMadrid :$bR. Velasco [impresor],$c1906.
300   $a28 p. ;$c20 cm.
500   $aImprint on cover: Madrid : Sociedad de Autores Españoles, 1906.
500   $aMusic not present.
500   $aNo. 13 in v. 2 of a collection of Spanish plays.
700 2 $aAlvarez Arazurí, Julio.
988   $a20020608
906   $0OCLC

