LEADER 01003nam a2200241Ia 4500
001 004001109-7
005 20020606095253.2
008 840821s1873    sp            000 0 spa d
035 0 $aocm11075938
040   $aNOC$cNOC$dm/c$dHHG
050  4$aPQ6217$b.T44 v. 23, no. 9
090   $aPQ6217$b.T44 v. 23, no. 9
100 2 $aAlvarez-Sierra, José.
245 10$aRey sin corona :$bdrama en tres actos y en verso /$coriginal de José Alvarez Sierra.
260   $aMadrid :$bImpr. de J. Rodríguez,$c1873.
300   $a69 p. ;$c20 cm.
500   $aPublisher's name at head of cover-title: Administracion lirico-dramatica.
500   $aPublisher's address on cover: Madrid. Sevilla, 14, principal. 1873.
500   $a"A actores que han estrenado esta obra": recto of leaf at end.
500   $aNo. 18 in v. 2 of a collection of Spanish plays.
776 08$iOnline version:$aAlvarez-Sierra, José.$tRey sin corona.$dMadrid : Impr. de J. Rodríguez, 1873$w(OCoLC)623508745
988   $a20020608
906   $0OCLC

