LEADER 00518nam a2200181Ia 4500
001 004001110-0
005 20020606095253.2
008 840828s1825    enka   j      000 1 eng d
035 0 $aocm33866694
035 0 $aocm11098013
040   $aCNO$cCNO$dHLS
090   $aPR4079.B48$bT35 1825
100 1 $aBayley, Henry,$cMrs.
245 10$aTales of the heath :$bfor the improvement of the mind /$cMrs. H. Bayley.
260   $aLondon :$bJohn Harris,$c1825.
300   $avi, 229 p. :$bill. ;$c15 cm.
988   $a20020608
906   $0OCLC

