LEADER 01179nam a2200265Ia 4500
001 004001111-9
005 20020606095253.2
008 840829s1883    ne            000 0 ger d
035 0 $aocm11101147
040   $aTSW$cTSW$dHLS
043   $ae-ne---
050  4$aDB3$b.F68 43. Bd.
100 2 $aBeck-Mannagetta, Josef,$d1815-1887.
245 14$aDie Geschichts-Bücher der Wiedertäufer in Oesterreich-Ungarn... /$cGesammelt, erläutert und ergänzt durch Josef Beck.
246 3 $aGeschichts-Bücher der Wiedertäufer in Ö̈sterreich-Ungarn
260   $aWien :$bIn commission bei Carl Gerold,$c1883.
300   $al, 654 p. ;$c21 cm.
490 1 $aFontes rerum Austriacarum / Osterreichische Geschichts-Quellen ;$vBd. 43
500   $aBetreffend deren Schicksale in der Schweiz, Salzburg, Ober- und Nieder- Oesterreich, Mähren, Tirol, Böhmen, Süd-Deutschland, Ungarn, Siebenbürgen und Süd-Russland in der Zeit von 1526 bis 1785.--t.p.
504   $a"Quellen" : p. xxiii-xxxvi.
650  0$aAnabaptists$xHistory.
655  7$aHistory.$2fast
830  0$aFontes rerum austriacarum.$nZweite Abtheilung,$pDiplomataria et acta ;$v43. Bd.
988   $a20020608
906   $0OCLC

