LEADER 00864nam a2200217Ia 4500
001 004001113-5
005 20020606095253.2
008 840905s1918    it cf         000 0 ita d
035 0 $aocm11122004
040   $aVXW$cVXW$dHLS
090   $aD640$b.B4
100 1 $aBeccastrini, Natale.
245 10$aRicordi /$cNatale Beccastrini.
250   $aSeconda edizione.
260   $aMilano :$bAlbrighi, Segati & C.,$c1918.
300   $a147 p. :$bplates, ports. ;$c19 cm.
505 0 $aLa partenza del coscritto--Il vecchio Garibaldino--Un merlo in gabbia--Impressioni di guerra--L'addio al mio bel reggimento--Ricordi di guerra--Come avvenne--All'ospedale--Viaggio triste--L'arrivo a Roma--In famiglia--La trinccea di Villa Aldobrandini.
650  0$aWorld War, 1914-1918$xPersonal narratives.
650  0$aWorld War, 1914-1918$xCampaigns.
988   $a20020608
906   $0OCLC

