LEADER 00621nam a2200193I  4500
001 004001114-3
005 20020606095253.2
008 840907s1926    riu           000 0 eng d
035 0 $aocm11130528
040   $aDGW$cDGW$dm/c$dHLS
090   $aCB155$b.B3
100 1 $aBarus, Carl,$d1856-1935.
245 10$aThree phenomenal ages of cultural advance;$bHonor's day address to the students of Brown university, October 26, 1926,$cby Carl Barus.
260   $aProvidence, R. I.$bThe University,$c1926.
300   $a21 p.$c24 cm.
440  0$aBrown university papers$v4
650  0$aCivilization.
988   $a20020608
906   $0OCLC

