LEADER 00685nam a2200229I  4500
001 004001115-1
005 20070403110445.0
008 840907s1936    gw       b    000 0 ger  
010   $a   36035651 
035 0 $aocm11131453
040   $aDLC$cRCE$dHLS
050 0 $aPT1679.W8$bB3
082   $a831.29
100 1 $aBauer, Ruth.
245 10$aStudien zum Wigalois des Wirnt von Gravenberc,$cvon Dr. Ruth Bauer.
260   $aBerlin,$bE. Ebering,$c1936.
300   $a121 p.$c25 cm.
440  0$aGermanische Studien,$vHeft 180
504   $a"Quellen- und Literaturverzeichnis": [5]-9.
600 00$aWirnt,$cvon Grafenberg,$dactive 13th century.$tWigalois.
988   $a20020608
906   $0DLC

