LEADER 00762nam a2200241I  4500
001 004001117-8
005 20020606095253.2
008 840920s1940    miu      b    000 0 eng  
010   $a   40034353 
035 0 $aocm11178069
040   $aDLC$cRCE$dHLS
050 0 $aB1618.B274$bB4 1931
082   $a192.9
100 1 $aBeardslee, Claude Gillette,$d1888-
245 10$aArthur James Balfour's contribution to philosophy,$cby Claude G. Beardslee.
260   $aAnn Arbor, Mich.,$bEdwards Brothers,$c1940.
300   $a22 p.$c23 cm.
500   $aAbstract of thesis (Ph.D.)--Brown University, 1931.
500   $a"Lithoprinted."
504   $aBibliography: p. 4-5.
600 10$aBalfour, Arthur James Balfour,$cEarl of,$d1848-1930.
988   $a20020608
906   $0DLC

