LEADER 00775cam a2200265I  4500
001 004001118-6
005 20020606095253.2
008 840920s1968    it       b    000 0 ita  
010   $a   71457268 
015   $aIt69-Feb
035 0 $aocm11179049
040   $aDLC$cBXM$dSER$dHLS
050 0 $aB3305.M74$bB35
100 1 $aBedeschi, Giuseppe,$d1939-
245 10$aAlienazione e feticismo nel pensiero di Marx.
260   $aBari,$bLaterza,$c1968.
300   $a211 p.$c22 cm.
490 1 $aBiblioteca di cultura moderna ;$v668
504   $aBibliographical footnotes.
600 10$aMarx, Karl,$d1818-1883.
650  0$aAlienation (Philosophy)
650  0$aFetishism.
830  0$aBiblioteca di cultura moderna (Editori Laterza) ;$v668.
988   $a20020608
906   $0DLC

