LEADER 00400nam a2200157K  4500
001 004001119-4
005 20020606095253.2
008 840925s1921    fr            000 0 fre d
035 0 $aocm11193027
040   $aAAU$cAAU$dHLS
100 1 $aBaux, Charles.
245 10$aEtudes sur le combat,$cpreface du Marechal Foch.
260   $aParis,$bPayot,$c1921.
300   $a96 p.$c22 cm.
988   $a20020608
906   $0OCLC

