LEADER 00996nam a2200241I  4500
001 004001120-8
005 20020606095253.2
008 840925s1839    enk           000 0 eng d
035 0 $aocm11193116
040   $aRCE$cRCE$dHLS
050  4$aBS2417.S8$bB4
090   $aBS2417.S8$bB4
100 1 $aBeard, J. R.$q(John Relly),$d1800-1876.
245 14$aThe religion of Jesus Christ defended from the assaults of Owenism.$bIn nine lectures.
246 3 $aOwenism.
260   $aLondon,$bSimpkin, Marshall and co.;$aManchester,$bForrest and Fogg,$c1839.
300   $a3 p. ℓ., 11, 240 p.$c20 cm.
600 00$aJesus Christ$xTeachings.
600 10$aOwen, Robert,$d1771-1858.
650  0$aSocialism and Christianity.
776 08$iOnline version:$aBeard, J.R. (John Relly), 1800-1876.$tReligion of Jesus Christ defended from the assaults of Owenism.$dLondon : Simpkin, Marshall and Company ; Smallfield and Son ; Manchester : Forrest and Fogg, 1839$w(OCoLC)719421648
988   $a20020608
906   $0OCLC

