LEADER 00891nam a2200241I  4500
001 004001121-6
005 20060208112253.0
008 840925s1893    gw a          000 0 ger d
035 0 $aocm11195654
040   $aRCE$cRCE$dHLS
050  4$aQC863.4$b.B42 1893
090   $aQC863.4$b.B42 1893
100 1 $aBebber, W. J. van$q(Wilhelm Jacob van),$d1841-1909.
245 10$aKatechismus der Meteorologie.
250   $a3. Aufl. gänzlich umgearbeitet.
260   $aLeipzig,$bJ. J. Weber,$c1893.
300   $axii, 259 p.$billus.$c17 cm.
440  0$aWebers illustrierte Katechismen ;$vNo 60.
650  0$aMeteorology$xPopular works.
655  7$aPopular works.$2fast
776 08$iOnline version:$aBebber, W. J. van (Wilhelm Jacob van), 1841-1909.$tKatechismus der Meteorologie.$b3. Aufl. gänzlich umgearbeitet.$dLeipzig, J.J. Weber, 1893$w(OCoLC)894207134
988   $a20020608
906   $0OCLC

