LEADER 00879nam a2200277I  4500
001 004001122-4
005 20020606095253.2
008 840925s1966    gw       b    000 0 ger  
010   $a   74376237 
015   $aGDB66-51-67
035 0 $aocm11196097
040   $aDLC$cRCE$dm/c$dHLS
041 1 $ager$hita
050  4$aHV8661$b.B285 1966
090   $aHV8661$b.B285 1966
100 1 $aBeccaria, Cesare,$cmarchese di,$d1738-1794.
245 10$aÜber Verbrechan und Strafen.$c[Von] Cesare Beccaria. Nach der Ausg. von 1766 übers. und hrsg. von Wilhelm Alff.
260   $a[Frankfurt a. M.,$bInsel-Verlag,$c1966]
300   $a173 p.$c18 cm.
490 0 $aSammlung Insel,$v22
500   $aTranslation of Dei delitti e delle pene.
504   $aBibliography: p. 166-173.
650  0$aPunishment.
700 1 $aAlff, Wilhelm,$d1918-$eeditor.
988   $a20020608
906   $0DLC

