LEADER 00735nam a2200205I  4500
001 004001123-2
005 20080930105944.0
008 840926s1855    fr            000 0 fre  
010   $a   09033283 
035 0 $aocm11200740
040   $aDLC$cRCE$dHLS
050 0 $aBJ1252$b.B3
100 1 $aBautain, L.$q(Louis),$d1796-1867.
245 13$aLa morale de l'évangile comparée aux divers systèmes de morale ...$cPar M. L. Bautain ...
260   $aParis,$bA. Vaton,$c1855.
300   $aviii, 453 p.$c22 cm.
650  0$aChristian ethics.
776 08$iOnline version:$aBautain, L. (Louis), 1796-1867.$tMorale de l'évangile comparée aux divers systèmes de morale .$dParis, A. Vaton, 1855$w(OCoLC)794647278
988   $a20020608
906   $0DLC

