LEADER 01217nam a2200301I  4500
001 004001124-0
005 20061103135002.0
008 840927s1961    it       b    000 0 ita d
035 0 $aocm11203469
040   $aRCE$cRCE$dHLS
043   $ae-ur---
050  4$aBR932$b.B3
090   $aBR932$b.B3
100 1 $aBausani, Alessandro,$d1921-1988,$eed.
245 13$aLa religione nell'U. R. S. S.$cPrefazione di Ernesto de Martino.
250   $a[1. ed.]
260   $aMilano,$bFeltrinelli$c[1961]
300   $axxii, 416 p.$c23 cm.
490 1 $aI fatti e le idee ;$v32
500   $aIncludes articles from Bolʺshai︠a︡ sovetskai︠a︡ ėnt︠s︡iklopedii︠ạ︡
504   $aBibliography: p. 401-413.
651  0$aSoviet Union$xReligion.
730 0 $aBolʺshai︠a︡ sovetskai︠a︡ ėnt︠s︡iklopedii︠a︡.
776 08$iOnline version:$aBausani, Alessandro, 1921-1988.$tReligione nell'U. R.S.S.$b[1. ed.].$dMilano, Feltrinelli [1961]$w(OCoLC)592355704
776 08$iOnline version:$aBausani, Alessandro, 1921-1988.$tReligione nell'U. R.S.S.$b[1. ed.].$dMilano, Feltrinelli [1961]$w(OCoLC)615139190
830  0$aFatti e le idee (Feltrinelli editore) ;$v32.
988   $a20020608
906   $0OCLC

