LEADER 00494nam a2200181I  4500
001 004001125-9
005 20020606095253.2
008 840927s1846    gw            000 1 ger  
010   $a   54052230 /L
035 0 $aocm11203613
040   $aDLC$cRCE$dHLS
050 0 $aPT1817.B3$bL5
100 1 $aBeck, Karl,$d1817-1879.
245 10$aLieder vom armen Mann.$cMit einem Vorwort an das Haus Rothschild.
260   $aLeipzig,$bB. Hermann,$c1846.
300   $a324 p.$c18 cm.
988   $a20020608
906   $0DLC

