LEADER 00713nam a2200217Ia 4500
001 004001126-7
005 20020606095253.2
008 840928s1849    gw            000 0 ger d
035 0 $aocm11209885
040   $aBOL$cBOL$dm/c$dHVL
090   $aKBD200$b.P831
100 1 $aPuchta, Georg Friedrich,$d1798-1846.
245 10$aVorlesungen über das heutige römische Recht /$cvon Georg Friedrich Puchta. Aus dessen Nachlass herausgegeben von Adolf August Friedrich Rudorff.
250   $a2. durchgesehene Auflage.
260   $aLeipzig :$bTauchnitz,$c1849.
300   $a2 v. ;$c22 cm.
650  0$aRoman law.
650  0$aCivil law$zGermany.
700 1 $aRudorff, Adolfus Fridericus.
988   $a20020608
906   $0OCLC

