LEADER 00492nam a2200205I  4500
001 004001127-5
005 20020606095253.2
008 841001s1966    at            000 1 eng  
010   $a   66017470 
015   $aAus66-776
035 0 $aocm11217532
040   $aDLC$cGZM$dUKM$dHLS
050 0 $aPZ4.B382$bYo
082 04$a823.91$218
100 1 $aBeaver, Bruce.
245 10$aYou can't come back.
260   $a[Adelaide]$bRigby$c[1966]
300   $a166 p.$c21 cm.
988   $a20020608
906   $0DLC

