LEADER 00773nam a2200241I  4500
001 004001128-3
005 20020606095253.2
008 841002s1933    gw       b    000 0 ger  
010   $a   35010060 
035 0 $aocm11221522
040   $aDLC$cRCE$dHLS
050 0 $aHD9113.8.H3$bB4
082   $a338.1
100 1 $aBecker, Ludwig.
245 14$aDie Geschichte des Hamburger Zuckerhandels (von seinen Anfängen bis zum Weltkrieg)$cvon Dr. Ludwig Becker.
260   $aRostock,$bC. Hinstorff,$c1933.
300   $a198 p.$c23 cm.
490 0 $aHamburger Wirschafts- und Sozialwissenschaftliche Schriften,$vHft. 27
504   $a"Literaturverzeichnis": p. 194-198.
650  0$aSugar trade$zGermany.
651  0$aHamburg (Germany)$xCommerce.
988   $a20020608
906   $0DLC

