LEADER 00703nam a2200193K  4500
001 004001129-1
005 20020606095253.2
008 841018s1959    ne       b    000 0 dut d
035 0 $aocm11283525
040   $aGZM$cGZM$dHLS
090   $aHM26$b.B4
100 1 $aBeerling, Reinier Franciscus,$d1905-
245 10$aFilosofie, maatschappij, maatschappijwetenschap;$brede uitgesproken bij de aanvaarding van het ambt van gewoon hoogleraar in de wijsgerige sociologie aan de Rijksuniversiteit te Leiden op Vrijdag 30 Januari 1959.
260   $aArnhem,$bVan Loghum Slaterus$c[1959?]
300   $a31 p.$c24 cm.
504   $aIncludes bibliographical notes.
650  0$aSociology.
988   $a20020608
906   $0OCLC

