LEADER 00640nam a2200193K  4500
001 004001130-5
005 20020606095253.2
008 841022s1928    fr            000 0 fre d
035 0 $aocm11291910
040   $aLFM$cLFM$dHLS
090   $aPQ1956$b.A7 1928
100 1 $aBeaumarchais, Pierre Augustin Caron de,$d1732-1799.
245 00$aTheatre de Beaumarchais: Le barbier de Séville; Le mariage de Figaro; Eugénie.
260   $aParis,$bErnest Flammarion$c[1928]
300   $a357 p.$c19 cm.
440  4$aLes meilleurs auteurs classiques
505 0 $aLe barbier de Séville -- Le mariage de Figaro -- Eugénie.
988   $a20020608
906   $0OCLC
